2744 4852
113 3901 164 3953 979

514 238 584 301 Aur.
603 237 750 300 Prudentii
768 239 859 302 Clem.

231 486 235 491 Ι
288 405 374 483 „Nec
393 407 485 472 verba
502 427 647 491 quaeras,
667 429 724 490 quo
743 418 889 490 regantur
907 427 1040 490 organo,
1122 414 1125 421 '

288 490 384 569 „Cum
403 494 594 576 praedicatur
610 493 673 577 ipse
692 492 852 557 verborum
870 493 965 555 dator.

308 661 333 726 P
353 577 453 727 l„Qui
471 579 563 726 lpcitp
576 588 610 724 up
625 578 678 724 vlia
691 579 938 725 vopisoeesrpppespa
954 575 1061 640 intimo

334 685 352 725 u
395 684 412 725 o
517 684 562 725 or
629 685 646 725 r
712 684 732 725 u
830 684 899 724 um
949 717 953 722 .

288 685 398 823 :Nudi
415 685 457 812 dii
470 684 580 834 ialald
591 685 640 810 dia
656 684 850 830 replercussos
868 708 976 823 soniis,

289 831 398 908 „Nunc
415 843 596 917 temperetur
613 833 744 917 dentium
763 833 799 894 de
821 831 937 916 pectine
1059 908 1064 916 Ι

288 915 413 1001 „Sitque
430 917 477 981 his
493 917 618 1002 agendis
636 917 738 1001 lingua
757 917 900 1000 plectrum
918 915 1041 978 mobile:

373 1001 427 1078 „Si
444 1004 565 1066 mandet
582 1003 674 1075 idem,
695 1003 822 1065 faucium
841 1001 884 1064 sic
902 1002 1017 1065 listulas

289 1084 432 1171 „Spirare
451 1087 523 1151 llatu
540 1088 732 1150 concinentes
751 1106 901 1164 consono,
1006 1168 1009 1172 Ι

288 1171 350 1248 „Ut
366 1172 459 1236 verba
476 1172 508 1235 in
526 1173 599 1257 ipsis
617 1172 769 1255 explicent
786 1170 948 1245 meatibus,

288 1256 367 1332 „Vel
384 1257 469 1320 exitu
486 1258 548 1320 oris
566 1257 709 1343 cymbalis
727 1256 891 1339 profarier,

288 1340 397 1417 „Nunc
416 1362 519 1424 pressa
537 1353 622 1425 parte
640 1341 739 1419 labra,
759 1362 839 1403 nunc
858 1339 987 1404 hiantia:

372 1423 559 1501 „llubitasne
576 1426 655 1490 verti
672 1445 759 1510 posse
778 1435 905 1489 naturae
923 1437 1051 1504 statum,
1099 1474 1105 1493 .

287 1508 365 1586 „Cui
384 1513 463 1574 facta
481 1512 577 1574 forma
594 1522 657 1586 est,
677 1510 773 1593 qualis
790 1521 872 1575 esset
889 1511 1045 1594 primitus?

288 1595 396 1671 „Hanc
414 1616 519 1680 nempe
538 1597 635 1659 factor
651 1606 787 1674 vertere,
808 1607 841 1658 ut
859 1597 944 1672 libet,
964 1607 1078 1682 potest,
1153 1639 1161 1652 .

288 1679 486 1764 „Positasque
503 1681 586 1765 leges
605 1691 710 1744 texere
728 1702 763 1744 ac
781 1691 922 1744 retexere
928 1690 939 1758 ρ

287 1763 456 1849 „Linguam
474 1765 590 1848 loquela
609 1787 647 1828 ue
665 1765 830 1828 ministram
851 1767 988 1850 postulet.

371 1849 447 1926 „Vis
465 1851 544 1913 scire
563 1851 659 1914 nostri
677 1851 808 1913 numinis
825 1852 1008 1935 potentiam?

202 2010 204 2015 y
288 1934 431 2010 „Fluctus
450 1934 590 2018 liquentis
607 1939 747 2018 aequoris
764 1936 875 2019 pressit
891 1937 980 2019 pede,

286 2018 422 2094 „Natura
441 2021 523 2083 lluxa
542 2041 577 2083 ac
593 2021 693 2083 tenuis
709 2021 742 2083 in
760 2021 884 2084 solidum
905 2020 979 2083 coit:
1049 2032 1054 2036 “

243 2124 266 2193 Ἰ
287 2102 405 2186 „Quam
423 2105 523 2188 dispar
540 2105 599 2169 illis
616 2105 749 2188 legibus,
769 2106 835 2188 quis
854 2105 974 2168 condita
992 2108 1054 2169 est!

287 2188 391 2262 „Solet
409 2199 528 2252 rratatus
547 2191 644 2269 ferre,
666 2192 724 2253 lert
741 2190 879 2272 vestigia.

371 2272 492 2348 „llabet
510 2275 650 2337 usitatum
669 2295 775 2339 munus
795 2274 849 2336 hoc
867 2273 1025 2353 diviuitas,

287 2354 483 2439 „Quac'vera
501 2359 586 2422 nobis
605 2359 713 2423 colitur
729 2356 901 2422 in'Christo
920 2369 951 2421 et
968 2358 1074 2437 Patre,

231 2459 234 2467 '
286 2441 400 2516 „Mutis
418 2443 581 2526 loquelam,
602 2445 745 2529 percitum
764 2444 876 2506 claudis
896 2445 1038 2526 gradum,

286 2525 413 2601 „Surdis
432 2529 588 2591 fruendam
607 2531 731 2592 reddere
749 2529 947 2607 audientiam,

284 2611 429 2687 „Donare
447 2615 545 2676 caecis
562 2613 637 2676 lum‘s
655 2614 791 2675 insuetae
810 2614 908 2676 diem.'
1085 2693 1094 2706 Ι

369 2694 474 2772 „Haec
492 2697 519 2760 si
537 2697 602 2781 quis
620 2718 723 2761 amens
742 2698 878 2761 fabulosa
896 2698 1065 2777 existimat,

286 2779 364 2856 „Vel
382 2781 446 2865 ipse
464 2793 527 2845 tute
545 2783 570 2846 si
589 2803 692 2868 parum
712 2783 808 2846 fidelia

169 2925 172 2929 .
272 2865 427 2941 ‘‚,llchare
446 2867 573 2951 pridem,
594 2889 667 2932 vera
686 2889 851 2952 cognoscas
869 2869 955 2932 licet:

286 2949 409 3024 „Habes
427 2952 612 3034 loquentem,
631 2955 715 3017 cuius
734 2964 943 3036 amputaveras

289 3033 474 3118 „Linguama
495 3037 628 3120 probatis
645 3039 716 3102 cede
733 3039 791 3100 iam
812 3038 994 3102 miraculis.“

371 3119 491 3185 Horror
508 3132 672 3206 stupentem
692 3134 914 3206 persecutorem
932 3123 1045 3201 subit,'

285 3203 448 3289 Timorque
466 3217 497 3270 et
513 3207 559 3270 ira
577 3218 679 3291 pectus
698 3209 729 3270 in
748 3208 905 3290 caliginem

287 3289 430 3355 Vertere:
448 3293 560 3369 nescit,
580 3293 686 3376 vigilet
703 3313 781 3355 anne
798 3292 958 3376 sompnict:

285 3373 417 3439 Miratur
434 3376 562 3440 haerens
581 3379 658 3467 quod
676 3377 716 3440 sit
733 3378 844 3440 ostenti
862 3398 971 3461 genus.

285 3457 426 3523 Formido
442 3462 569 3543 trangit,
588 3473 686 3525 armat
701 3462 879 3545 indignatio.

366 3544 434 3609 Nec
450 3547 509 3609 vim
530 3548 650 3609 domare
668 3547 775 3609 mentis
793 3547 925 3610 effrenae
941 3558 1056 3632 potest,

282 3627 349 3693 Nec
368 3651 426 3713 quo
445 3631 555 3695 luroris
574 3631 632 3694 tela
649 3642 764 3708 vertat,
781 3632 907 3696 invenit.
979 3706 983 3711 ¹

283 3712 440 3777 Postremo
458 3717 603 3780 medicum
621 3737 731 3781 saevus
749 3717 897 3780 insontem
915 3717 999 3781 iubet

282 3798 382 3863 Reum
400 3794 502 3877 citari,
521 3801 715 3864 nundinatum
733 3802 811 3865 huuc
829 3802 946 3886 arguit,

282 3882 424 3948 Mercede
442 3895 525 3949 certa
541 3881 646 3968 pactus
664 3897 699 3949 ut
714 3886 901 3950 conluderet:

368 3970 432 4033 Act
450 3971 562 4033 ferrum
580 3970 613 4034 in
630 3991 683 4033 ore
702 3971 743 4054 uil
760 3992 854 4054 agens
873 3983 903 4035 et
920 3971 1043 4036 inritum

281 4051 432 4119 Versasse
451 4056 578 4130 frustra,
596 4077 652 4119 ceu
668 4057 799 4120 retunsis
818 4052 933 4121 actibus

146 4202 207 4254 933.
215 4202 401 4272 repercuteret)
410 4208 472 4260 Ald.
483 4235 516 4248 -
525 4210 585 4262 att.
595 4209 710 4276 dragand.
721 4208 781 4260 dtu.
793 4240 826 4250 -
836 4211 897 4262 939.
907 4211 958 4262 Vel
964 4214 993 4261 in
1001 4228 1045 4262 eac.
1057 4211 1118 4262 0-
1129 4204 1208 4263 941AE

113 4272 230 4321 bttmmm
239 4276 263 4323 Α
275 4304 302 4314 -
319 4278 379 4328 945.
390 4277 509 4344 loquetae
518 4278 562 4330 hm
573 4281 646 4333 tltat.
657 4305 690 4317 -
704 4279 765 4329 949.
776 4278 849 4341 Quae
858 4281 896 4330 ltu
906 4279 978 4341 dtu,
990 4280 1043 4343 Qut
1050 4279 1127 4331 Febr.
1138 4277 1202 4330 Sielt.

111 4340 1208 4417 dodam-ructumabmuWeltz.-957.puipar.L:fid.dpcR—ttdt.puod...vertttd

112 4407 171 4460 969.
182 4409 250 4460 duno
259 4424 311 4463 om.
321 4411 440 4468 Bwetu.
447 4415 546 4468 -tu,
557 4432 656 4482 angores
666 4415 747 4472 1Α-Δ
753 4416 812 4471 972.
823 4421 922 4468 retum.
933 4422 1000 4481 act]
1010 4417 1098 4469 esra
1106 4419 1164 4481 An,
1174 4426 1208 4483 ptt
