2744 4852
128 338 136 351 ,
168 277 211 344 76
476 332 478 337 .
568 277 638 338 Aur.
658 274 911 340 Prudentii'Clem.

340 443 401 511 Sed
417 446 567 529 speculum
585 443 714 509 Deitatis
732 445 820 509 bomo
838 455 895 510 est.
940 441 975 506 ln
995 462 1126 526 corpore.
1139 442 1242 507 discas

171 547 221 599 835
255 529 333 594 Rem
352 551 412 593 non
431 550 604 613 corpoream
623 531 734 609 sollers·
747 531 912 612 interprete
930 526 1069 601 Cbristo,

256 614 317 698 Qui
333 614 455 678 Patrem
473 615 625 699 proprium
643 615 763 677 mortali
779 613 811 687 iu
830 634 955 698 corpore
973 623 1132 676 monstrat.

255 699 385 784 Respice
403 720 489 783 quam
508 699 610 764 varios
629 700 785 762 tundamus
804 698 841 760 ab
860 719 913 761 ore
931 717 1074 780 vapores,

256 783 280 849 S
300 785 412 848 iramus
430 783 568 867 quotiens
585 784 702 847 animae
720 782 877 847 sufflabilis
894 801 999 844 auras:
1069 830 1074 845 ,

256 807 348 933 anc
366 870 467 931 datum
484 869 612 952 tepidum
631 869 715 931 calor
732 866 890 931 exhalatus
909 864 1041 943 anhelat,

172 972 222 1023 840
256 953 410 1018 Rorantes
429 953 552 1016 nebulas
569 953 636 1016 udis
654 955 689 1017 de
707 952 841 1017 faucibus
860 952 983 1015 efflans:

259 1036 335 1103 Cum
353 1038 441 1117 libet,
460 1038 492 1101 in
510 1039 638 1122 gelidum
658 1037 774 1101 flabrali
791 1037 905 1120 frigore
922 1046 1044 1099 ventum

258 1121 389 1208 Spiritus
406 1121 512 1185 existit
528 1123 627 1186 tenuis
644 1133 675 1185 et
691 1121 791 1185 sibilat
808 1142 872 1184 aer.

257 1207 344 1271 Adde
363 1216 393 1270 et
410 1206 594 1283 distinctum,
613 1227 701 1289 quem
719 1206 832 1269 musica
850 1205 923 1269 tibia
941 1205 1042 1268 ilatum

192 1310 199 1321 ’
261 1289 416 1376 Concipit,
434 1301 487 1353 aut
503 1291 553 1354 ille
571 1301 618 1355 est
635 1312 738 1375 presso
756 1291 955 1354 modulamine
973 1311 1095 1374 parcus,

118 1381 121 1385 ’
177 1395 226 1446 845
261 1377 326 1440 Aut
343 1376 486 1439 tumidum
504 1376 590 1458 largo
608 1377 749 1439 sublimat
765 1376 884 1438 flamine
902 1375 1056 1452 bombum,
1167 1424 1170 1430 .

259 1460 324 1524 Aut
340 1482 448 1523 raucos
468 1460 582 1544 trangit
598 1461 750 1536 modulos,
770 1472 822 1547 aut
838 1461 905 1524 lenc
924 1471 1075 1532 susurrat,

177 1628 179 1631 Ι
260 1548 324 1609 Aut
340 1545 421 1608 exile
439 1547 582 1608 tranbeus
601 1545 717 1609 sonitus
735 1546 871 1630 producit
888 1558 1007 1619 acutos,
1047 1604 1052 1613 ,

259 1630 325 1694 Aut
341 1651 476 1693 murmur
494 1639 629 1693 tenerum
646 1630 768 1694 sublidit
783 1651 858 1695 voce
876 1631 999 1693 minuta.

260 1713 345 1778 Haec
362 1737 429 1779 cum
448 1725 478 1777 te
496 1715 597 1779 videas
615 1716 734 1777 mortali
752 1715 783 1778 iu
802 1736 926 1799 corpore
945 1734 1047 1798 posse,

176 1817 226 1869 888
262 1796 326 1863 Cur
344 1821 403 1861 non
422 1809 578 1862 aeternum
596 1798 727 1881 potuisse
740 1790 903 1863 infundere
922 1799 1044 1875 credas,

261 1882 388 1965 Qualem
406 1883 535 1946 animam
552 1883 667 1947 voluit?
685 1883 877 1967 praescriptis
895 1903 982 1965 quam
1001 1882 1070 1964 quia
1089 1883 1221 1949 condens

260 1967 387 2032 Efdavit
403 1969 535 2050 fuditque
553 1968 665 2044 modis,
685 1968 726 2031 sit
742 1970 821 2031 facta
840 1988 964 2031 necesse
982 1978 1060 2031 cst..

151 2095 160 2117 t
261 2051 400 2134 Denique
417 2031 511 2115 multa
528 2053 619 2135 sapit,
637 2052 690 2115 sed
709 2075 768 2115 uon
787 2053 865 2136 sapit
882 2052 998 2129 omnia,
1019 2062 1142 2117 nostrae

262 2136 320 2202 vis
339 2136 472 2213 animae,
492 2145 606 2198 certum
624 2155 730 2218 sapere
747 2156 783 2198 ac
801 2156 998 2220 praenoscere
1015 2137 1109 2200 iussa.
1151 2205 1155 2210 ,
1202 2146 1206 2151 “

176 2237 226 2289 855
261 2218 325 2282 lam
344 2219 391 2282 cui
409 2229 509 2283 certus
526 2218 608 2282 inest
623 2220 743 2296 modus,
761 2230 792 2282 et
809 2219 857 2281 cui
875 2239 964 2282 nosse
983 2231 1125 2303 negatum
1143 2232 1191 2287 cst
1220 2284 1223 2289 .

264 2303 391 2381 Omnia,
411 2304 528 2366 lactura
546 2315 608 2367 esta
628 2323 696 2365 uam
715 2303 833 2366 condita
852 2313 883 2366 et
899 2313 985 2366 aucta
1004 2304 1159 2388 probatur.

200 2386 204 2391 ’
348 2385 475 2472 Conbge
493 2388 529 2452 de
547 2387 652 2468 simili,
671 2388 750 2452 sitne
767 2388 841 2453 baec
859 2390 989 2452 factura:
1007 2390 1123 2455 creavit
1183 2464 1188 2471 .

261 2472 378 2558 Nempe
396 2493 501 2536 manus
519 2471 642 2537 Domini
659 2495 767 2558 corpus
785 2474 911 2537 mortale
928 2473 1097 2555 lutumque⁸
1117 2484 1120 2489 '

264 2556 430 2642 Conposuit
448 2557 561 2705 tissitis.
605 2556 756 2640 Numquid
774 2578 880 2621 manus
898 2557 1078 2621 articulatim
1105 2553 1118 2577 ‘

179 2660 230 2714 888
262 2641 322 2705 Est
339 2643 456 2726 digesta
503 2642 551 2704 eit
567 2642 708 2724 numquid
726 2641 812 2707 volat
830 2642 969 2724 numquid
987 2652 1019 2707 et
1035 2663 1152 2725 ungues
1198 2642 1201 2646 ’

265 2725 415 2792 Claudere
433 2726 598 2805 flexibiles,
616 2726 746 2810 patulam
764 2747 818 2793 seu
837 2727 969 2808 tendere
977 2727 1123 2811 palmam?

264 2810 328 2875 Ista
346 2813 443 2896 figura
461 2832 567 2875 manus
585 2822 707 2877 nostrae
725 2826 787 2891 est,
807 2832 893 2895 quam
913 2832 975 2875 non
992 2812 1081 2875 babet
1096 2812 1129 2875 in
1147 2833 1183 2877 se

263 2896 544 2980 Incircumscriptus
564 2895 726 2975 Dominus,
746 2897 799 2959 sed
817 2896 1040 2959 tradita-forma
1059 2906 1122 2975 est,
1197 2904 1208 2919 ‘

264 2979 412 3044 Humanis
432 3000 507 3062 quae
525 2991 598 3043 nota
614 2980 722 3043 animis
740 2981 826 3043 daret
842 2980 1039 3048 intellectum:

180 3083 230 3135 885
264 3064 307 3130 Ut
323 3086 377 3149 per
389 3084 569 3147 corpoream
586 3064 714 3148 speciem
728 3064 896 3148 plasmasse
913 3066 1030 3129 feratur

265 3147 411 3234 Corporis
428 3149 571 3232 effigiem:
590 3149 634 3212 sic
651 3161 699 3213 est
717 3151 861 3233 plasmata
877 3149 1011 3214 vicissim
1030 3180 1034 3187 ’

265 3233 356 3298 Flatu
372 3235 616 3319 incorporeo'res
635 3235 757 3308 dabilis,
778 3234 840 3298 oris
858 3245 890 3298 et
906 3255 975 3299 esse

265 3317 378 3382 Fertur
395 3339 483 3402 opus,
502 3319 601 3382 tenuis
619 3340 673 3404 per
689 3321 768 3402 quod
786 3330 957 3384 constructa
974 3320 1094 3385 refulsit

266 3401 378 3465 Forma
397 3402 514 3465 animae
532 3412 621 3486 atque
638 3404 706 3467 rudi
723 3405 832 3467 factam
851 3425 885 3468 se
902 3426 1027 3469 munere
1044 3405 1150 3469 sensit.

182 3505 232 3558 870
267 3485 300 3552 Si
320 3508 379 3549 non
397 3497 445 3550 est
462 3488 580 3549 lactura
598 3508 703 3550 manus
722 3508 794 3552 caro
812 3500 931 3564 nostra,
952 3511 1007 3553 uec
1025 3490 1088 3553 oris

202 3618 207 3625 -
265 3570 324 3635 Est
342 3573 458 3634 lactura
475 3571 590 3650 auium,
610 3572 683 3636 datu
700 3570 731 3636 c't
748 3574 909 3658 spiramine
928 3585 1032 3657 coepta

267 3655 361 3739 Inque
379 3656 476 3718 locum
495 3657 620 3721 deducta
637 3658 775 3740 aliquem.
817 3657 956 3743 Namque
975 3681 1062 3725 omne
1080 3659 1159 3743 quod
1177 3658 1253 3723 bora

263 3740 384 3806 Natalis
402 3743 533 3826 profert,
552 3743 635 3806 locus
654 3744 775 3828 accipit:
793 3754 823 3825 et
840 3744 924 3808 locus
941 3745 1019 3808 ullus
1049 3764 1054 3773 “

214 3859 275 3914 837.
288 3859 409 3928 Respice]
418 3858 501 3913 nura
513 3861 554 3923 [S.
565 3864 597 3922 11,
611 3863 695 3926 936.]‚
705 3863 798 3929 Percp.
808 3869 857 3914 cet.
867 3891 902 3902 -
919 3863 979 3914 att.
987 3863 1097 3930 flabrilt'
1103 3861 1246 3929 A,sabr·ili
1254 3864 1323 3929 End,

174 3924 298 3996 flabrare
307 3930 343 3983 W
353 3928 406 3981 Git.
416 3943 443 3995 p.
454 3929 513 3981 334.
533 3929 650 3982 Goldast.
660 3930 694 3982 ad
703 3929 855 3982 Columbae.
865 3944 892 3997 p.
904 3930 963 3984 tta.
974 3931 1067 3984 Weitz.
1084 3960 1113 3970 -
1129 3932 1325 3983 8448181818-

181 3999 382 4064 mt’neTPrag.z
423 4012 504 4048 aaran
516 4000 587 4058 Put,
598 4003 693 4065 partas
702 3996 747 4048 ΑΕ
794 4013 874 4049 arcus
889 3999 949 4057 1W.
964 4014 1064 4064 parcus
1078 4004 1127 4050 cct.
1140 4024 1176 4036 —
1193 3999 1258 4052 8411.
1273 4001 1325 4051 teve

181 4064 207 4114 n
218 4092 253 4104 -
269 4066 387 4117 848488
405 4065 476 4116 utn
494 4093 527 4104 -
545 4065 605 4131 ear,
620 4036 756 4117 eanmund
787 4067 993 4132 urnaquenu.
1011 4096 1044 4107 -
1061 4067 1122 4118 883.
1138 4065 1324 4121 cemma.

106 4210 109 4215 .
181 4132 614 4197 Put.—8tttt.scrmatcvic.R-

215 4228 414 4295 831118ρί41818]
427 4233 517 4285 cham.
526 4236 677 4301 rhythmum
685 4252 735 4285 ηα-
769 4235 1325 4303 8881848881818181888,1814880818.

182 4297 295 4348 tanatem
304 4298 410 4364 intelligi
424 4301 486 4364 uult,
501 4309 527 4354 at
542 4303 643 4370 proprio
657 4317 736 4354 seusu
771 4305 805 4366 11,
817 4303 858 4353 ld.
877 4333 911 4342 -
928 4305 988 4356 ddt.
1008 4305 1081 4366 rudi]
1099 4304 1146 4354 Ar.
1161 4320 1229 4354 croco
1243 4307 1325 4366 vertit,

182 4365 385 4444 recommendo,
401 4368 471 4432 quod
483 4384 508 4422 v.
518 4371 578 4421 att.
592 4370 675 4434 gelid.
691 4386 736 4437 op
769 4370 817 4424 sed
826 4378 865 4425 est
874 4374 982 4437 a'acuttc,
992 4373 1092 4427 sicutt-
1103 4373 1164 4427 oca.
1174 4373 1259 4438 (3.111,
1268 4372 1325 4426 133.

183 4439 266 4500 [188118
284 4438 333 4486 est.
360 4435 399 4486 lto
417 4435 489 4499 souis
507 4437 540 4489 ct.
551 4437 649 4491 ratrtc.
665 4452 737 4490 com-
