2744 4852
603 293 784 374 corrigenda.
1199 292 1261 358 313

199 464 269 526 lbid.
288 485 316 524 r.
335 470 386 528 89.
406 483 483 523 saxa
502 465 572 542 133.)
603 464 736 523 Heinsius
760 461 795 523 ad
822 463 901 524 Ouid.
923 464 1001 523 Rem.
1019 462 1118 522 Amor.
1142 484 1168 521 v.
1191 467 1260 525 177.

110 550 279 630 liquocihus
298 550 373 608 coni.
393 549 483 619 Mala,
503 550 542 608 cl.
564 569 615 608 nos
634 547 669 608 ad
693 551 720 608 h.
740 550 758 607 l.

198 634 230 692 Ρ.
250 640 300 698 22.
319 655 346 692 3.
369 654 409 692 33.
430 632 465 692 ad
486 655 511 693 v.
533 641 605 697 147.
626 636 697 712 leg.:
720 637 854 695 ABliW.

199 752 327 812 Carnum.
346 752 411 824 Vll,
434 759 459 814 1.
484 754 546 831 lenc]
567 752 703 824 „Certum
724 756 813 813 estin
833 754 913 813 libris
932 753 1137 813 ecclesiasticis
1156 753 1259 832 ubique

110 840 235 899 inveniri
254 840 328 911 dum,
359 857 431 917 quae
455 839 596 917 scriptura
616 837 829 898 commendatur
853 839 917 898 loco
936 838 1037 898 Matth.
1058 838 1098 910 ll,
1121 843 1153 902 6:
1182 847 1213 896 et
1229 847 1260 896 te

109 924 282 983 Bethlehem
307 933 390 982 terro
408 925 560 983 ledo...em
583 933 611 982 te
635 925 717 983 emz'et
738 927 811 995 dum,
836 926 889 1002 qni
908 934 998 1001 regat
1011 925 1151 1002 populum
1169 942 1260 981 meniu

110 1009 240 1069 Israel.“
284 1005 440 1067 DANlEL.
462 1008 478 1066 l.
499 1009 517 1066 l.
537 1029 564 1086 p.
586 1014 654 1072 129.
687 1008 778 1080 Male,
799 1010 836 1068 cl.
858 1009 939 1068 Cath.
958 1008 1013 1080 Vl,
1034 1013 1062 1072 6.
1090 1008 1198 1085 Evang.
1219 1006 1259 1067 lo.

110 1092 197 1165 Vlll,
218 1098 267 1155 12.

198 1176 271 1237 lbid.
290 1198 316 1237 v.
335 1183 364 1242 6.
383 1178 440 1255 leg.
459 1179 515 1236 Nil
532 1197 584 1256 pro
603 1179 697 1237 Nihil.
720 1177 755 1237 V.
776 1184 804 1241 7.
824 1181 907 1238 acidi
921 1180 950 1237 in
969 1177 1033 1238 liat.
1052 1188 1151 1237 331333
1170 1178 1261 1235 scrius

110 1261 312 1323 animadverti.

199 1346 230 1407 P.
248 1353 299 1411 48.
319 1368 347 1407 o.
370 1368 412 1406 cr.
435 1345 497 1406 adv.
518 1352 568 1411 99.
588 1349 644 1426 leg.
665 1347 700 1408 A.
720 1354 792 1411 981.
811 1367 864 1427 pro
884 1353 934 1412 37.

199 1465 327 1526 Carnum.
345 1464 410 1536 Xll,
430 1470 502 1529 200.
528 1467 658 1525 Gaudete
678 1469 821 1546 quidquid
834 1469 1061 1544 gentc‘nm...lom
1080 1485 1162 1526 nemo
1178 1475 1261 1543 port·

113 1552 171 1611 hoc
189 1552 331 1628 machaus]
354 1549 442 1622 „Non
459 1570 476 1609 a
494 1570 526 1610 re
545 1552 667 1610 alienum
688 1571 751 1610 esse
770 1551 883 1611 videtur·
900 1551 1054 1621 adnotare,
1074 1548 1147 1630 quod
1168 1550 1261 1608 multis

113 1654 184 1695 3333
203 1636 305 1694 iniecit
321 1634 547 1707 admirationem,
569 1657 595 1694 v.
617 1642 799 1699 201...208.
823 1637 904 1695 huius
924 1637 1020 1716 hymni
1038 1635 1113 1715 apud
1133 1655 1183 1693 nos
1203 1636 1260 1712 legi

113 1722 141 1779 in
151 1720 358 1780 Ambrosiano:
381 1725 411 1780 A
424 1722 495 1779 solis
511 1731 593 1779 ortas
610 1722 733 1781 cordine
746 1721 824 1800 (XV.
836 1742 863 1801 p.
873 1728 924 1785 21.
936 1719 1009 1801 apud
1020 1720 1107 1799 Dan.)
1121 1741 1147 1780 v.
1159 1727 1260 1782 5...12.

114 1804 169 1879 Qui
178 1805 332 1864 Ambrosio
352 1824 465 1865 carmen
485 1804 638 1884 denegant,
655 1805 732 1866 facili
752 1809 870 1883 negotio
888 1809 1007 1866 serioris
1026 1808 1129 1866 aetatis
1147 1817 1261 1884 poetam

114 1888 298 1950 Prudentium
317 1891 453 1949 imitatum
473 1908 536 1950 esse
555 1901 710 1950 autumant.
737 1890 795 1951 Sed
815 1893 882 1971 ipsis
900 1893 998 1951 existit
1016 1892 1071 1950 hoc
1090 1893 1155 1950 loco
1176 1910 1262 1968 quae-

114 1976 171 2035 atio
191 1972 328 2053 quaedam
351 1974 535 2034 subdifficilis.
576 1975 622 2034 Ne
648 1974 739 2035 dicam
764 1978 858 2036 multis
881 1979 1056 2055 argumentis
1080 1976 1262 2056 comprobari

115 2078 200 2140 posse
224 2078 339 2119 carmen
362 2078 426 2119 esse
449 2079 545 2119 verum
569 2059 713 2119 Ambrosii
737 2062 839 2134 letum,
869 2064 974 2141 optime
998 2059 1137 2141 quadrant
1158 2060 1259 2120 verba:

117 2146 250 2206 Gaudete
268 2154 323 2204 etc.
343 2143 379 2203 ad
399 2146 533 2204 carminis
552 2146 677 2205 initium:

456 2297 481 2347 A
488 2296 552 2347 solie
561 2301 635 2348 ortam
644 2297 752 2348 cordine

457 2365 495 2415 Et
503 2381 585 2430 aerque
595 2370 682 2416 tarrac
691 2366 803 2416 limitem

458 2432 589 2484 Christum
601 2449 726 2484 conemur
731 2436 880 2500 principem

457 2499 558 2552 Natam
567 2501 671 2552 Mortua
679 2505 802 2567 odgivam.

117 2634 188 2696 luda
205 2637 275 2695 nihil
293 2635 406 2708 dubito,
425 2639 489 2716 qniu
511 2636 690 2710 Prudentius,
710 2640 927 2699 celeberrimum
946 2640 1110 2718 episcopum
1128 2642 1261 2711 imitatus,

115 2722 223 2801 hymno
242 2721 278 2781 dc
293 2722 451 2801 Epiphania
465 2724 610 2782 Ambrosii
628 2724 716 2783 verba
733 2736 765 2783 ut
782 2726 954 2803 aptissimam
974 2725 1127 2784 clausulam
1146 2724 1263 2784 adiece-

116 2810 187 2867 rit.“
223 2806 379 2866 DANlEL.
400 2808 417 2867 l.
436 2809 455 2868 l.
474 2829 501 2888 p.
513 2815 583 2872 125.
614 2809 731 2868 Minime
749 2829 834 2867 vero:
856 2809 913 2866 hoc
932 2828 1046 2867 carmen
1065 2809 1102 2867 ob
1121 2829 1183 2869 eam
1202 2830 1262 2869 rem

116 2891 263 2951 Ambrosii
282 2912 338 2950 333
356 2911 420 2953 esse
439 2912 555 2965 censeo,
576 2895 706 2972 qnoniam
726 2896 849 2965 initium,
869 2892 943 2972 quod
964 2893 1097 2964 indicavi,
1117 2894 1190 2972 apud
1209 2893 1263 2953 Se·

116 2975 223 3035 dulium
245 2977 350 3056 (hymn.
362 2977 398 3037 ll.
408 2998 436 3056 p.
449 2985 519 3041 148.
538 2977 607 3038 edit.
624 2979 758 3050 Gronau,
778 3000 805 3058 p.
820 2985 888 3042 143.
909 2998 954 3057 ap.
969 2979 1105 3056 Daniel),
1125 2990 1155 3039 et
1173 2999 1263 3058 quon·

116 3063 173 3121 iam
191 3081 219 3119 v.
237 3066 357 3126 5...12.
377 3061 451 3140 apud
472 3063 653 3122 Prudentium
673 3066 814 3142 leguntur,
834 3066 874 3122 ita
893 3074 924 3123 ut
942 3064 987 3122 hic
1006 3065 1125 3144 hymnus
1142 3084 1159 3124 e
1177 3067 1264 3123 variis

117 3147 247 3225 partibus
270 3149 444 3225 compositus
465 3149 532 3207 mihi
550 3148 690 3210 videatur.
735 3149 917 3209 Prudentium
940 3149 975 3209 D.
999 3150 1177 3208 Ambrosium
1201 3152 1264 3208 imi·

116 3240 206 3290 tatum
224 3251 288 3290 csse
307 3234 466 3291 inveterata
484 3233 596 3311 quidem
616 3245 660 3292 est
679 3237 785 3313 opinio,
806 3253 982 3313 quamquam,
1001 3255 1065 3293 num
1084 3235 1130 3293 hic
1150 3237 1262 3313 episco-

117 3336 171 3395 pus
188 3335 285 3374 eornm
313 3318 359 3394 qui
387 3319 438 3376 snb
465 3320 526 3377 eius
554 3321 667 3378 nomine
694 3320 823 3379 feruntur
849 3320 1016 3398 hymnorum
1039 3331 1142 3379 auctor
1163 3321 1263 3379 haberi

117 3403 222 3479 possit,
241 3400 304 3461 VV.
325 3401 385 3462 ub.
403 3401 478 3462 hand
496 3405 636 3462 immerito
656 3404 793 3465 dubitant.

205 3517 280 3578 Satis
299 3521 373 3578 enim
394 3532 520 3593 constat,
548 3521 692 3582 Ambrosii
715 3524 850 3602 aequales
873 3525 944 3583 tales
967 3525 1087 3603 hymnos
1106 3524 1156 3581 suh
1176 3525 1263 3601 ipsius

117 3605 231 3663 nomine
254 3624 311 3663 non
335 3605 452 3665 laudare
480 3608 680 3684 [Cassiodorus
703 3608 778 3686 qnod
797 3611 884 3668 sciam
903 3610 979 3668 solus
1005 3609 1053 3690 (ad
1074 3608 1176 3667 Psalm.
1199 3610 1264 3686 71.)

117 3689 185 3747 13Ιί3
205 3691 334 3768 scripsit:
362 3692 863 3772 Η333Α3313331339133333333
882 3697 1025 3754 ecclesiae
1044 3694 1169 3752 candela
1192 3694 1264 3753 lam·

114 3775 205 3852 pouit
220 3776 338 3835 dicens:
356 3778 436 3835 Veni
450 3780 620 3855 redemptor
634 3781 766 3855 gentium
785 3790 852 3851 eta,
874 3782 911 3840 cl.
931 3799 1017 3838 carm.
1035 3779 1072 3836 X.
1091 3797 1136 3856 ap.
1152 3778 1262 3838 Daniel.

115 3861 219 3937 ρ.12.]
239 3869 270 3917 31
287 3878 360 3932 „eos
378 3860 583 3921 Ambrosianos
603 3862 697 3921 dictos
715 3883 793 3935 esse,
813 3866 905 3942 quiin
925 3864 1053 3922 omnibus
1073 3862 1158 3921 ollicii
1177 3862 1263 3922 divini

115 3944 246 4022 partibus
264 3946 354 4022 magis
373 3964 454 4024 quam
474 3949 503 4005 in
521 3949 646 4008 ecclesia
656 3947 865 4007 Mediolanensi
883 3952 944 4027 ipsa
963 3946 1199 4025 adhiberentur,“
1217 3947 1263 4009 vd.

117 4027 279 4089 Gorbert.
298 4029 334 4088 de
353 4041 437 4089 cantu
456 4043 486 4090 31
504 4035 602 4094 music.
620 4053 695 4093 sacr.
712 4034 732 4094 l.
753 4034 862 4111 ptos.
908 4032 970 4105 Quo
991 4033 1095 4092 lactum
1114 4030 1167 4104 est,
1187 4044 1217 4091 31
1235 4035 1263 4093 in

115 4114 161 4172 his
182 4115 354 4174 carminibus
372 4117 580 4176 ecelesiasticis
599 4120 757 4176 sententiae
777 4138 846 4196 quas
864 4127 970 4176 vocant
988 4119 1110 4177 morales
1129 4117 1179 4199 (cl.
1191 4138 1263 4198 quac

115 4220 145 4279 p.
165 4198 220 4258 XV
238 4218 279 4277 sq.
302 4199 514 4280 adnotavimus)
538 4204 632 4280 plures
656 4223 737 4282 quam
761 4205 787 4260 in
811 4203 874 4261 aliis
897 4206 915 4263 i.
935 4222 961 4261 3.
986 4203 1130 4262 veteribus
1156 4204 1265 4263 iuveni-

115 4296 230 4355 rentnr,
251 4294 281 4343 et
297 4296 329 4343 ut
347 4305 445 4344 eorum
465 4299 598 4346 auctores
623 4299 769 4366 poetarum
794 4288 913 4346 aliorum
936 4307 1035 4347 versus
1058 4308 1264 4366 nonnumquam

115 4369 153 4428 ad
172 4369 260 4429 verba
277 4372 528 4432 transscriberent.
565 4372 658 4431 Pauca
680 4384 796 4444 tantum,
817 4392 888 4451 qnae
908 4392 944 4431 cx
964 4371 1119 4433 Prudentia
1138 4394 1264 4451 sumpse-

116 4466 196 4525 runt,
217 4457 513 4516 commemorabimus:
535 4460 571 4518 cl.
583 4459 677 4537 hymn.
688 4458 738 4517 Xl.
758 4458 845 4537 (apud
861 4459 946 4530 Dan,
967 4480 993 4539 p.
1008 4459 1069 4539 15.)
1089 4470 1118 4518 31
1138 4457 1262 4529 Cathl,
