2744 4852
20 192 25 210 ¹
110 245 154 312 illi
508 245 580 307 Aur.
597 245 850 306 Pudenti-illem.

197 412 282 476 llaec
299 413 351 476 illa
369 422 416 475 est
433 408 587 498 Babylon,
607 412 680 476 bace
699 411 926 496 transmigratio
943 423 1067 476 nostrae
1087 432 1106 447 ··
1167 452 1171 459 -

168 557 176 571 „
198 498 306 561 Gentis
322 507 355 561 et
371 497 673 562 horribiliazviotoria
686 498 828 581 principis
844 499 965 575 Aesar‚·
988 546 991 555 .
1014 521 1017 525 ·
1110 530 1113 535 ·

197 580 339 646 Carmine
356 582 489 645 luctifico
502 596 592 664 qnam
607 583 720 645 dellens
738 581 883 645 ieremias

113 685 162 735 tcto
198 665 343 730 Orbatam
361 667 489 750 propriis
501 666 633 730 ululavit
649 666 764 730 civibus
782 667 904 729 urbem.¹
1079 720 1082 725 .

186 750 277 815 rNum
296 752 385 829 latet,
403 762 456 814 aut
472 751 592 815 dubium
609 761 672 829 est,
691 751 806 813 animas
817 751 862 813 do
877 749 992 814 semine
1010 747 1102 813 Iacob

196 836 331 899 Exilium
349 836 461 919 gentile
478 836 555 919 pati,
575 856 649 918 qnos
665 835 791 899 Persica
807 855 902 918 regna

197 920 341 1004 Captivos
360 920 599 1003 retinentatque
615 920 647 983 io
657 941 720 983 sna
739 919 861 983 foedera
877 921 1014 1003 eoguot‘l·

196 1003 263 1068 Illic
280 1005 374 1067 natali
392 1007 571 1070 desuescunt
587 1004 787 1082 vivereritn,
811 1056 814 1061 .

111 1108 160 1160 455
195 1087 333 1152 Moribus
350 1100 383 1153 et
398 1091 503 1173 patriis
520 1100 631 1153 exutam
647 1090 679 1151 in
697 1089 826 1152 barbara
838 1087 912 1152 inra
931 1122 934 1129 ·

196 1173 409 1257 Degenerem,
429 1175 621 1256 linguamque
638 1194 747 1237 novem
763 1184 937 1255 vestemque
953 1183 1133 1255 sequuntur,

196 1257 307 1340 Deque
320 1259 478 1339 proia'nato
495 1258 615 1323 diseunt
632 1260 807 1321 sordescere
824 1259 923 1334 cultu,
1130 1276 1135 1283 ·

195 1341 412 1424 Nutricemque
430 1342 551 1406 abolent
566 1343 712 1426 petulanti
729 1363 747 1404 a
765 1350 884 1426 pectore
902 1340 990 1406 Sion.
1016 1396 1019 1401 .

196 1424 259 1489 lani
278 1428 394 1511 patriae
406 1428 581 1491 meminisse
598 1427 695 1510 pigot,
715 1427 775 1489 iam
792 1427 919 1512 mystico
936 1428 1082 1510 frangunt
1107 1476 1119 1483 ..
1143 1462 1149 1485 .

113 1530 162 1583 itt)
198 1511 323 1595 Organa
341 1524 372 1574 et
389 1512 509 1575 externi
527 1512 650 1575 laudant
667 1511 856 1576 anathemata
873 1511 972 1593 regni.
1170 1560 1173 1565 .

281 1596 393 1660 Nonne
410 1597 469 1659 luit
485 1597 591 1667 melius
609 1617 731 1662 saevum
748 1595 952 1680 Memphitidis
970 1596 1056 1659 aulae
1075 1623 1089 1655 τ·
1194 1674 1197 1678 ⁴

196 1681 348 1765 leporium
366 1682 513 1746 tolerasse
529 1691 630 1765 patres
667 1683 825 1764 coitusque
842 1681 974 1744 sinistris
997 1730 1001 1737 .

197 1768 361 1830 Adsedisse
380 1764 474 1829 incisi
492 1766 605 1850 positos
622 1704 792 1830 Plaraouis
808 1766 903 1848 iniqui
1011 1820 1015 1827 .

196 1849 259 1915 Sub
278 1853 401 1934 pedibus
418 1851 491 1915 limo
508 1862 539 1915 et
555 1851 649 1934 paleis
665 1851 783 1917 servire
800 1863 939 1935 paratos,
958 1906 962 1913 .
1027 1860 1044 1887 ²

112 1955 161 2006 tet
198 1933 309 2001 Carnis
324 1951 359 2000 et
373 1936 540 2001 inmodicae
557 1957 669 2020 spurco
684 1937 849 2000 ructamine
866 1937 993 2000 crodos?
1032 1962 1038 1999 τ
1115 1965 1118 1971 ·

197 2020 265 2103 Quo
283 2031 400 2084 tanturn
417 2021 525 2085 auxilii
543 2042 596 2104 per
612 2022 789 2105 prodigialia
806 2021 896 2104 signa
920 2070 925 2085 .

196 2104 311 2168 Effudit
329 2103 649 2188 Dominus‚·populum
668 2107 736 2169 dum
754 2107 834 2169 inite
850 2105 992 2169 rebellem
1013 2138 1016 2143 ·

198 2187 310 2252 Servat
327 2210 381 2272 ope
399 2189 555 2266 inmerito,
572 2189 770 2252 obededom
788 2190 906 2252 subdita
922 2191 999 2252 colla
1095 2196 1128 2255 ir.

199 2271 298 2337 Solvit
315 2283 346 2336 et
363 2274 537 2358 Aegyptum
555 2273 800 2356 virga-serpente
818 2276 955 2337 coercet?
977 2314 980 2318 -
1036 2304 1039 2311 ·
1066 2298 1086 2337 ,ι

114 2376 164 2430 470
199 2357 278 2441 Quid
296 2358 379 2422 iuvat
397 2378 578 2440 aequoreum
594 2358 701 2443 pelago
719 2359 843 2422 cedente
861 2357 1038 2441 profundum
1155 2379 1158 2384 ·

198 2442 348 2508 Pulverea
366 2443 499 2507 calcasse
516 2442 587 2519 via,·
603 2464 670 2507 cum
688 2443 809 2507 conscia
825 2444 908 2526 ponti

200 2527 285 2593 Saxa
302 2528 357 2590 sub
375 2529 479 2610 ignoto
496 2538 657 2610 patuerunt
673 2529 790 2610 prodite
808 2529 907 2601 caelo,

198 2612 291 2676 Aruit
308 2622 339 2674 et
355 2613 451 2673 medio
469 2611 577 2677 sitiens
592 2612 624 2673 in
643 2613 763 2695 gurgite
780 2613 885 2686 liuius,
994 2668 1003 2677 .

198 2693 234 2761 Si
250 2696 349 2760 victor
366 2695 477 2760 virtute
493 2694 553 2759 liei
569 2697 741 2779 mediasque
758 2698 898 2760 tenebras

115 2799 163 2859 475
199 2779 282 2843 Luce
301 2780 485 2864 columpnari
501 2781 641 2845 scindens
658 2783 811 2846 exercitus
829 2783 902 2845 olim
928 2809 931 2813 ·

198 2864 334 2929 Perdidit
349 2864 467 2929 invouti
482 2866 765 2931 vallembotrronis
782 2867 929 2949 opimam?
1092 2920 1096 2929 .
1139 2912 1143 2919 .

199 2949 233 3015 si
251 2950 349 3012 nescit
364 2969 489 3012 versare
505 2934 688 3026 solnmscui
705 2951 792 3013 melle
810 2951 934 3033 pereuni
1003 3006 1006 3011 .
1071 3000 1074 3005 .

200 3033 297 3098 Gleba
314 3035 410 3097 ilueos
428 3033 533 3098 niveos
550 3033 714 3131 permiscet
725 3035 822 3098 lactea
840 3036 943 3098 rivos?
999 3064 1017 3089 .·
1117 3064 1131 3095 .·

200 3117 235 3184 Si
253 3120 393 3182 domitam
412 3116 529 3182 lericbo
546 3119 628 3185 lituis
646 3129 735 3201 atque
752 3138 823 3182 aero
841 3138 954 3182 canoro

116 3221 165 3273 480
200 3203 320 3268 Rursus
338 3203 526 3285 iocationes
544 3205 657 3287 potitur
674 3224 858 3287 consurgere
875 3207 997 3267 nemost
1073 3268 1076 3273 ,
1107 3238 1111 3247 ,

200 3287 235 3351 Si
251 3288 325 3370 ripis
343 3288 428 3350 rellui
445 3286 582 3351 Iordanis
600 3288 722 3372 pellitur
738 3300 769 3352 et
783 3290 846 3351 ianr
876 3328 878 3332 ι

199 3369 323 3433 Deserit
340 3370 519 3453 adscriptam
537 3373 721 3435 dimensa-in
737 3373 844 3454 iugera
861 3377 1012 3438 sortemi.

200 3453 342 3536 Denique
360 3454 387 3517 si
405 3465 550 3517 sunniam
569 3456 659 3517 tantis
678 3457 836 3520 sudoribus
854 3459 975 3537 urbem,

198 3537 241 3601 Et
258 3558 334 3620 quae
352 3538 518 3621 nubigenas
539 3541 753 3603 transcendunt
771 3542 901 3606 culmina
918 3543 1051 3618 nimbos,

149 3674 211 3727 151.
225 3673 299 3726 baud
305 3672 404 3726 new·
415 3674 690 3741 1Wetss.‚aodrmg.
704 3675 808 3727 witi.
816 3677 932 3740 foedera
940 3679 981 3730 tri
992 3710 1028 3723 -
1038 3679 1100 3731 tes.
1106 3681 1255 3744 petulumio

111 3750 222 3811 pectora
237 3741 308 3804 sed]
318 3740 439 3795 AEPWa
449 3743 562 3795 1Weiss.
573 3744 678 3806 Waltz„
693 3758 772 3808 qnare
778 3750 834 3810 pot.
845 3762 861 3795 o
868 3763 897 3812 p.
907 3747 977 3811 lego;
989 3748 1257 3816 pentemimeri!

115 3811 177 3865 Alo.
188 3812 245 3863 Gis.
255 3811 349 3862 llelns.
358 3810 416 3872 An,
427 3823 502 3860 eom.
514 3824 539 3860 m
548 3812 625 3873 Pras.
638 3839 673 3850 -
685 3812 746 3862 459.
755 3811 827 3863 Nom
836 3813 871 3864 W
880 3843 909 3853 -
925 3815 986 3866 471.
992 3831 1108 3882 paupera
1118 3815 1257 3869 (laum..-

114 3880 176 3999 173.
185 3876 505 3999 mllffls'wli‘ff474‘
514 3877 630 3929 Sicilie
640 3879 861 3933 Weiss-477.
871 3878 1259 3937 mittat-rtem·
1200 3888 1207 3900 ⁶

149 3974 180 3987 ''¹'‘
189 3950 224 4001 48
244 3949 327 3999 triv&
423 3980 432 3995 ι
441 3970 476 3985 “““
1131 3984 1134 3989 ·

115 4076 167 4113 non
180 4063 329 4130 intelligitur
340 4062 372 4117 ab
386 4060 428 4127 lis,
448 4063 592 4131 quipoeois
605 4072 668 4117 suut
702 4067 829 4128 x111‚24.
842 4083 971 4121 racemum
981 4084 1046 4123 urae
1053 4070 1260 4138 intellegundum

116 4128 234 4193 subiecti,
245 4133 263 4182 1.
274 4147 298 4184 e.
309 4132 398 4197 quiid,
414 4132 484 4198 quod
493 4134 520 4185 in
529 4134 667 4199 perniciem
702 4149 760 4187 esse
771 4135 857 4199 docet,
868 4153 947 4202 qrrare
955 4146 1053 4202 errant,
1069 4139 1116 4203 qui
1126 4153 1188 4191 eum
1197 4142 1261 4193 Far-

115 4197 194 4258 dueit‚
207 4201 310 4263 assequi
325 4201 439 4253 student.
456 4230 484 4240 -
505 4201 565 4252 449.
575 4201 667 4253 Thren.
702 4202 763 4253 nab.
774 4203 806 4254 ad
816 4205 926 4256 Martini.
937 4208 987 4267 xl,
1002 4208 1046 4260 28.
1062 4206 1094 4259 de
1108 4208 1261 4274 crissepia-

115 4263 217 4329 1,1.—
235 4266 295 4316 460.
310 4270 414 4330 omnib]
428 4271 501 4320 Dono
510 4271 564 4322 Deo
575 4270 665 4332 dicate,
702 4286 759 4320 rum
774 4287 821 4323 seu
836 4273 867 4324 de
881 4273 1020 4339 liquamine
1035 4289 1064 4325 er
1077 4275 1192 4340 piscium
1206 4279 1262 4327 oris

113 4331 213 4387 rdPs.
224 4334 294 4392 540..
314 4335 381 4385 male
392 4337 469 4399 igitur
482 4337 528 4388 Ar.
545 4338 667 4389 scandolo
702 4337 776 4390 iactis
785 4341 992 4406 cogitanta-De
1001 4343 1108 4407 equid.
1119 4340 1262 4395 tosti.-

116 4400 306 4466 interpretator.
325 4430 359 4441 -
380 4401 440 4455 tte.
460 4407 542 4469 torm]
560 4408 666 4460 Numer.
703 4409 763 4460 183.
773 4410 847 4471 corb]
856 4409 1043 4476 Hierosolyma.
