2744 4852
405 185 409 196 ”
476 220 688 302 pericopen.

232 406 242 413 ’
351 391 479 454 Armate
496 389 641 476 pugnavit
658 390 745 462 iides;

229 474 235 483 ’
286 474 404 558 Proprii
422 476 540 539 cruoris
558 475 695 558 prodiga:
848 505 852 512 ·

254 617 264 628 a
286 558 365 622 Nam
383 571 478 621 morte
497 571 621 624 mortem
641 558 732 624 diruit

285 645 331 706 Ac
350 655 446 706 semet
462 645 596 728 inpendit
613 644 679 706 sibi.

352 727 431 791 Fore
449 726 506 791 hoc
523 730 664 792 sacerdos
682 730 801 792 dixerat

283 812 347 874 lam
364 811 482 896 Xystus
500 813 618 876 adfixus
636 813 720 876 cruci

282 896 479 961 Laurentium
498 897 617 961 dentem
635 897 740 962 videus

284 978 392 1045 Crucis
410 981 465 1044 sub
482 981 547 1065 ipso
566 982 680 1066 stipite:
727 989 728 994 ’

352 1064 500 1144 „Desiste
519 1067 652 1130 discessu
669 1086 735 1130 meo

285 1149 429 1230 „Fletum
448 1150 584 1214 dolenter
601 1152 741 1214 sundere:

287 1233 466 1315 „Praecedo
484 1234 594 1321 frater,
615 1247 647 1298 tu
666 1256 782 1319 quoque

287 1319 388 1399 „Post
405 1319 461 1382 hoc
479 1320 615 1402 sequeris
632 1318 802 1382 triduum.“

350 1403 498 1467 Extrema
517 1425 580 1468 vox
596 1403 727 1487 episcopi

282 1487 532 1551 Praenuntiatrix
551 1489 665 1570 gloriae

281 1571 368 1636 Nihil
384 1572 506 1650 fefellit,
525 1592 594 1634 nam
611 1573 675 1635 dies

282 1655 442 1719 Praedicta
459 1657 585 1738 palmam
604 1655 764 1739 praestitit.

259 1797 262 1804 .
350 1739 418 1821 Qua
435 1761 537 1819 voce,
548 1741 667 1822 quantis
684 1740 819 1803 laudibus

243 1875 246 1884 .
285 1821 451 1888 Celebrabo
471 1825 575 1887 mortis
593 1823 744 1902 ordinem,

282 1907 350 1989 Quo
368 1909 537 1993 passionem
555 1909 687 1971 carmine

284 1992 384 2076 Digne
402 2003 546 2055 retexens
564 1993 740 2068 concinam?
855 1993 864 2050 J

349 2076 407 2140 Hic
425 2077 538 2160 primus
557 2098 574 2140 e
592 2067 812 2161 septemviris,

283 2161 343 2244 Qui
361 2173 443 2226 stant
461 2162 497 2224 ad
515 2182 599 2225 aram
617 2162 764 2245 proximi,

285 2246 394 2311 Levita
412 2246 545 2310 sublimis
564 2247 660 2330 gradu
753 2320 759 2329 .

283 2331 324 2394 dc
342 2331 470 2394 caeteris
488 2331 707 2414 praestantiam·

338 2413 500 2479 'Claustris
517 2436 673 2479 sacrorum
691 2429 844 2499 praeerat,

283 2482 425 2602 Caeifstis
443 2520 584 2564 arcanum
604 2501 708 2563 domus
1051 2502 1082 2566 L
1120 2534 1122 2538 ·

232 2584 238 2612 '
282 2583 365 2647 Fidis
384 2583 556 2667 gubernans
574 2583 708 2648 clavibus
1075 2598 1079 2607 '

280 2668 437 2752 Notosque
454 2669 630 2752 dispensans
649 2689 729 2753 opes.

346 2752 461 2818 Versat
478 2754 586 2816 famem
603 2754 746 2836 pecuniae

282 2837 460 2901 Praefectus
477 2836 560 2900 urbis
577 2837 698 2920 regiae,
782 2884 788 2896 .

282 2921 424 2986 Minister
441 2921 540 2985 insani
557 2922 659 2998 ducis,

284 3006 421 3070 Exactor
438 3007 506 3068 auri
523 3016 554 3070 et
571 3005 739 3090 sanguinis,

348 3091 416 3173 Qua
431 3090 464 3155 ‘vi
480 3091 608 3154 latentes
626 3102 714 3155 eruat

280 3175 442 3253 Nummos,
461 3186 565 3260 operta
583 3175 760 3238 existimaus

280 3259 410 3323 Talenta
427 3261 482 3322 suh
501 3259 643 3323 sacrariis

282 3343 484 3427 Cumulosquo
502 3355 663 3428 congestos
680 3343 750 3426 tegi.

347 3428 546 3493 Laurentium
563 3428 631 3492 sisti
648 3429 744 3505 iubet,

282 3513 427 3597 Exquirit
444 3534 544 3578 arcam
564 3514 673 3577 ditibus
944 3578 947 3583 .
968 3565 971 3571 ,

280 3597 394 3662 Massia
412 3600 554 3661 refertam
574 3609 604 3662 et
621 3599 752 3681 fulgidae
891 3616 896 3623 ·
1120 3623 1151 3671 55

281 3679 411 3746 Montes
423 3693 560 3748 monetae
578 3683 723 3747 conditos.

82 3817 99 3855 t.
110 3803 171 3855 tat.
180 3832 215 3842 —
226 3801 484 3869 impugnamenta.
493 3832 528 3844 -
537 3802 754 3869 repraesenta
762 3830 796 3843 -
804 3803 848 3854 21.
858 3804 922 3854 luteo
932 3804 996 3854 altu
1005 3801 1083 3854 Febr.
1093 3803 1150 3856 Gis.

82 3904 94 3923 ι.
103 3872 229 3937 oepmfin.
242 3873 290 3934 tlt,
300 3872 393 3922 Simius
402 3872 448 3921 AB
455 3899 484 3909 -
494 3871 726 3936 2d.fletns·Weitz.
736 3899 770 3910 -
779 3871 821 3924 32.
827 3871 920 3936 padam
927 3873 958 3920 T:
965 3871 1097 3936 praetulit
1104 3873 1151 3924 NR

82 3969 118 3980 -
134 3939 178 3990 35.
189 3938 232 3990 36.
244 3953 296 3989 om.
309 3940 394 3991 rn-
412 3937 454 3989 3⁷.
464 3943 531 4004 sept.
542 3941 615 3989 coir.
626 3940 650 3989 R
663 3967 697 3978 -
714 3938 757 3989 tt.
768 3939 855 4000 ordis]
865 3937 964 4004 ARapq
973 3937 1034 3988 nid.
1044 3939 1148 4003 Weitz,

82 4005 153 4058 Febr.
164 4007 220 4058 Gis.
232 4014 280 4058 etc.
299 4031 332 4061 ,-
351 4006 394 4057 48.
409 4008 472 4056 nard
479 4007 512 4070 A,
524 4005 698 4057 tanmetdld.
709 4005 755 4058 sed
765 4007 942 4068 coruscantem·
950 4006 1019 4057 coni.
1028 4005 1107 4071 Nebr.
1116 4037 1151 4046 -

82 4104 204 4173 Xystus]
218 4109 237 4159 i.
246 4122 271 4158 e.
282 4108 368 4159 sixtus
377 4109 411 4158 11.
421 4122 500 4174 papa,
516 4109 563 4174 qni
594 4108 708 4159 Lesvtes
718 4106 765 4158 des
775 4107 823 4158 SS.
834 4107 865 4156 V.
875 4121 902 4173 p.
913 4107 972 4158 tes.
985 4132 1020 4145 -·
1037 4099 1149 4162 39ῙΔΑ.

82 4176 203 4227 i-Bomoe
213 4175 283 4227 cruci
293 4175 381 4227 affixus
392 4182 439 4237 est,
447 4191 497 4227 oon
506 4177 561 4240 gia·
594 4174 654 4226 ΔΑ.
665 4174 710 4225 Vl.
720 4202 754 4214 -
763 4175 807 4226 td.
816 4175 1010 4239 Prasmon.
1020 4176 1148 4230 §ocularis

82 4248 244 4309 detemptus,
264 4250 294 4309 ut
306 4243 332 4294 in
341 4243 503 4310 martyrolog.
515 4243 560 4308 (ad
595 4256 620 4292 a.
629 4241 690 4296 258.
700 4241 911 4306 tmpvnterimo,
921 4257 998 4310 quem
1007 4246 1093 4296 imao.
1104 4245 1151 4295 dat-

81 4310 559 4378 Aug.)legitur,vd.Cypriamepdt.
596 4310 684 4359 cemP
718 4307 1148 4379 d.tocat.AureaLeg.SS.ii‘.¹.

95 4379 193 4432 Euscb.
214 4379 274 4431 hist.
294 4380 385 4432 eccles.
398 4381 457 4443 vlt,
471 4381 484 4429 5
499 4393 559 4444 sqq.
596 4377 681 4443 Hippo
693 4381 762 4443 ptum
772 4377 852 4447 praei.
863 4381 987 4432 nominat.
1040 4395 1052 4406 ·
