2744 4852
537 232 721 313 Apotheosis.
789 249 793 257 ·
1160 230 1201 297 73

146 396 220 460 Post
237 418 360 461 caenam
380 398 540 483 cophinos3
558 400 670 464 crudus
687 398 814 464 convive
832 398 955 461 resudat

147 480 329 566 congeriem
348 484 481 562 ventris,
502 485 595 569 gemit
611 496 643 548 et
659 484 715 547 sub
733 486 816 547 lesce
833 483 979 546 minister.
1151 501 1200 551 72³0

146 567 223 650 Quis
242 568 395 631 cumulare
411 579 510 652 potest
527 569 629 652 epulas
646 569 678 631 iu
697 569 822 651 grandia
841 570 969 652 parvas?
1080 622 1084 629 .

146 652 241 735 Quis?
259 653 316 716 nisi
335 653 385 735 qui
403 673 511 736 corpus
527 664 703 737 pastumque
721 663 752 716 et
769 652 903 736 corporis
921 672 1037 716 omnem

146 735 287 802 Condens
306 759 347 799 ex
364 737 456 800 nihilo
474 738 556 801 oolla
573 738 725 801 existente
742 737 858 800 creavit

143 820 289 885 Mundum
308 823 453 886 material
470 843 531 885 non
549 823 628 886 siout
644 822 777 905 sculptor
794 821 832 883 ab
850 821 934 884 aeris·

143 906 267 971 Rudere
285 907 438 969 decoctam
456 907 629 970 consuescit
642 907 746 971 vivere
765 926 910 969 orassem:
1154 926 1203 982 725

145 989 204 1055 Sed
223 989 307 1054 Deus
326 991 513 1074 omnipotens
531 991 633 1054 orbem
651 992 716 1055 sine
734 991 849 1055 semine
866 991 967 1054 linxit.
1032 1028 1042 1045 ε

144 1075 198 1140 Nil
213 1085 298 1149 erat,
319 1096 407 1138 omne
424 1078 502 1158 quod
520 1087 583 1139 ests
603 1076 645 1139 nil
662 1076 692 1138 id
710 1076 872 1160 procedere
889 1086 1022 1155 elcese,

142 1161 244 1243 Atque
263 1181 372 1224 novum
390 1161 473 1239 heri,
492 1182 566 1225 mox
583 1171 614 1224 et
631 1163 832 1244 grandescere
848 1158 963 1224 iussum
980 1171 1036 1224 est

143 1245 275 1308 Parvum
294 1245 330 1308 de
349 1244 442 1308 nihilo
458 1245 584 1330 primum
603 1245 675 1321 fuit,
694 1245 794 1308 addita
811 1263 904 1328 parvo

144 1328 334 1392 lucrementa
352 1331 447 1393 modis
465 1340 619 1394 auxerunt
635 1330 742 1407 omnia¹
752 1329 860 1414 plenis.
1154 1349 1203 1401 730

143 1413 229 1497 Ergo
248 1434 306 1497 ego
324 1436 391 1477 enm
408 1415 524 1479 videam
543 1415 680 1479 manibus
697 1415 742 1477 sio
759 1433 897 1479 creseere
916 1411 1031 1478 Christi

144 1499 244 1563 Parva
263 1499 404 1563 alimenta
422 1500 588 1577 bominum,
606 1520 726 1583 possum
744 1499 897 1576 dubitare,
916 1519 970 1581 per
986 1499 1082 1584 ipsum

143 1583 285 1666 Exiguos
303 1584 538 1668 rerum¹species
555 1585 761 1667 elementaque
777 1582 880 1646 mundi

144 1667 197 1731 Ex
214 1668 306 1730 nihilo
325 1669 450 1751 primum
469 1667 584 1732 modica
601 1679 633 1731 et
649 1690 723 1731 mox
740 1668 865 1751 grandia
884 1666 995 1729 sensim

145 1751 305 1831 Comisse,
326 1773 367 1816 ex
385 1753 509 1816 modicis
526 1773 602 1835 qnae
620 1762 825 1821 consummato
842 1751 997 1814 videmus?
1156 1770 1203 1822 735

142 1837 191 1899 Ac
209 1857 247 1899 ne
265 1848 332 1921 post
350 1837 500 1899 hominum
518 1847 622 1921 pastus
640 1837 754 1900 calcata
772 1835 921 1920 perirent,

143 1918 232 1984 Neve
249 1922 355 1985 relicta
373 1921 466 2005 lupis,
487 1932 539 1984 aut
555 1920 692 2005 vulpibus
710 1920 871 2003 exiguisve

143 2004 284 2070 Muribus
301 2007 332 2069 in
350 2007 491 2088 praedam
509 2007 591 2070 nullo
610 2006 732 2069 custode
749 2005 900 2078 iacerent,

144 2087 199 2153 Bis
216 2111 275 2154 sex
292 2091 436 2174 adpositi,
456 2090 626 2155 'cumulatim
643 2091 695 2174 qui
711 2088 791 2152 hona
809 2089 923 2153 Christi

144 2174 312 2239 Servareut
329 2176 463 2256 gravidis
480 2176 584 2259 procul
601 2185 752 2244 ostentata
770 2175 921 2239 canistris.
1151 2194 1216 2246 740.

228 2244 290 2324 de
307 2261 376 2343 quid
394 2281 452 2344 ego
470 2261 543 2325 haec
561 2271 661 2324 autem
677 2260 817 2323 titubanti
834 2281 909 2323 voce
926 2270 1051 2341 retexo,

143 2340 290 2427 indignus
308 2344 358 2427 qui
378 2355 483 2409 sancta
500 2349 625 2409 cauam?
642 2345 770 2427 procede
787 2344 925 2428 sepulcro

144 2426 280 2506 Lazare,
300 2430 364 2505 die,
383 2429 467 2493 euius
485 2451 590 2494 vocem
599 2430 715 2500 ,tellure
733 2427 789 2492 sub
806 2429 867 2491 ima

143 2512 302 2591 Audieris,
321 2535 397 2597 quae
414 2515 461 2577 vis
479 2514 685 2598 penetraverit
702 2513 801 2577 abdita
819 2512 888 2591 leti,

144 2597 246 2678 Quod,
267 2619 332 2661 cum
352 2609 381 2662 te
400 2597 539 2663 Christus
556 2600 674 2682 penitus
692 2599 833 2682 nigrante
850 2599 998 2682 profundo
1152 2622 1200 2673 ⁷45·
1312 2632 1315 2639 ·

142 2680 309 2746 inmersum
327 2695 417 2748 vocat
433 2693 467 2747 ut
482 2686 605 2758 redeas,
625 2705 681 2747 eeu
698 2683 854 2767 proximus
872 2684 969 2758 andis,

143 2763 209 2829 Nec
227 2779 396 2832 remoratus
414 2770 503 2832 ades?
521 2764 597 2851 quae
613 2778 675 2830 tem
693 2768 793 2832 vicina
812 2764 981 2853 Charybdis

142 2850 252 2934 Regna
270 2853 459 2916 tenebrarum
477 2853 561 2917 tenui
579 2852 720 2916 distentia
737 2852 798 2916 fine

104 2974 107 2981 ·
145 2933 312 3019 Coniungit
328 2938 464 3021 superis?
481 2938 532 3000 obi
549 2936 691 3001 Taenara
707 2936 808 3000 tristia
824 2946 911 3000 vasto

143 3018 178 3082 ln
196 3041 338 3105 praeceps
357 3023 472 3085 deiecta
489 3020 591 3096 Chao,
610 3022 779 3086 latebrosus
797 3031 829 3085 et
845 3021 896 3083 ille

143 3106 250 3168 Amnis
268 3105 430 3189 inexpletis
447 3107 573 3171 volvens
590 3106 729 3169 incendia
745 3105 839 3202 ripis?

143 3190 224 3253 Ante
242 3191 324 3254 fores
341 3190 464 3269 tumuli,
483 3210 558 3272 quas
575 3210 652 3253 saxa
669 3188 802 3251 domama
819 3190 895 3251 duro

143 3273 237 3338 Obice
254 3276 466 3358 dampnarent,
486 3273 615 3358 scopulis
631 3273 804 3337 substructa
821 3272 937 3337 cavetis

142 3357 211 3423 Stat
228 3359 365 3422 dominus
382 3359 627 3443 nomenquepoiet
644 3358 783 3442 frigentis
800 3357 900 3421 amici.

140 3441 209 3507 Nec
225 3465 325 3522 mora,
346 3445 487 3508 funereus
505 3443 651 3508 revolutis
668 3443 792 3528 rupibus
809 3443 920 3507 horror
1149 3460 1198 3513 tto

140 3526 265 3593 Evomit
281 3529 425 3612 exequias
444 3529 600 3614 gradiente
617 3528 765 3592 cadavere
782 3528 878 3593 vivas.

140 3612 258 3678 Solvite
275 3613 335 3676 iam
352 3615 449 3678 laetae
467 3613 632 3678 redolentia
649 3612 749 3679 vincla
766 3633 906 3693 sorores,

95 3778 150 3837 rm.
156 3762 256 3851 pond.
266 3767 334 3864 corb.
345 3781 441 3835 conch.
459 3811 492 3823 -
510 3781 571 3837 722.
582 3786 740 3851 portumque
749 3787 788 3847 ot]
802 3782 885 3836 Codd.
895 3788 920 3834 et
930 3781 1082 3863 eddsomn„
1090 3789 1197 3850 postam

92 3851 1195 3987 {ttthatttttlttsttf'tdtttt·ttht‘ntttttllttnosstlt:
1216 3886 1219 3891 ’

92 3987 160 4050 tius„
171 3987 238 4038 Stat.
248 3986 310 4038 Silv.
320 3990 352 4050 ΙΙ,
364 3990 389 4051 2,
401 3987 581 4049 ot.1ov.vllt‚
592 3989 653 4041 103.
663 3992 725 4050 etc.]
737 4017 766 4027 -
780 3988 840 4039 736.
848 3988 908 4038 Ata
916 4012 952 4023 -
963 3985 1024 4040 742·
1034 3991 1109 4039 tanto
1119 3989 1195 4043 Febr.

93 4067 125 4117 s,
133 4057 201 4120 spic
209 4053 236 4105 A
247 4086 282 4096 -
299 4055 359 4108 744.
369 4057 563 4122 penetraliter}
571 4057 632 4108 abd.
643 4057 708 4118 Gis„
719 4056 813 4105 intimo
824 4053 952 4105 073177-
970 4052 1030 4105 tlt.
1044 4071 1121 4120 prtem
1129 4057 1154 4109 A
1163 4087 1197 4099 -

93 4122 118 4174 b.
127 4128 237 4174 troam
246 4124 347 4178 BWum
358 4150 390 4161 -
408 4124 468 4175 753.
478 4124 655 4192 dampnarunt
664 4124 754 4178 Weitz.
763 4140 769 4171 :
779 4122 916 4172 subtracta
924 4118 980 4188 ΔΕ,
990 4124 1131 4177 cathedr-icto
1137 4130 1195 4178 ltot.

92 4256 149 4313 tte.
159 4260 244 4321 cor-ts]
251 4258 395 4310 Sententia:
406 4257 608 4309 Deusmundum
644 4257 778 4318 viventem,
794 4254 888 4319 lingere
897 4256 971 4323 solet,
982 4258 1091 4312 vd.Var.
1102 4260 1161 4311 leot.
1173 4267 1198 4311 et

93 4328 250 4378 nomateria
260 4327 390 4388 formavit,
405 4325 544 4387 utartilex,
563 4326 609 4390 qul
644 4326 709 4375 Stat.
719 4322 800 4375 Theb.
811 4326 854 4386 IV,
866 4324 929 4381 1³22
948 4329 1125 4380 uicittuouro
1133 4326 1198 4380 uon

97 4407 152 4447 aere
162 4395 297 4448 lnloruace
306 4394 611 4458 recoctostatuanr‚quast
644 4393 745 4445 Danai.
756 4421 788 4434 -·
799 4393 858 4446 tlt.
868 4395 907 4446 Io.
917 4396 963 4458 XI,
976 4396 1018 4447 14.
