2744 4852
460 132 486 187 P

521 242 589 304 Aur.
609 241 755 306 Prudentii
772 243 863 320 Clam.
929 331 930 335 Ἰ

391 411 497 491 „Nam
516 411 690 475 calculanda
707 411 859 495 primitus,
947 486 951 492 .

393 497 496 577 „Tum
515 495 701 559 subnotanda
720 506 767 559 est
783 496 970 559 summula.“

455 579 569 644 Laetus
585 580 725 644 tumescit
743 580 862 662 gaudio,

389 664 565 729 Praefectus
582 685 619 727 ac
635 685 716 749 spem
732 666 875 738 devorat,

391 751 506 814 Aurum
523 749 607 813 velut
623 750 683 812 iam
700 749 851 812 conditum
953 825 959 837 Ι

391 833 481 898 Domi
497 845 648 908 maneret,
668 835 813 918 gestiens.
847 880 850 884 -

440 918 603 1003 ,Pepigere
620 929 735 1002 tempus
753 918 860 989 tridui,

388 1003 543 1067 Laudatus
560 1003 629 1066 inde
647 1002 814 1066 absolvitur

311 1097 314 1105 ’
388 1087 588 1163 Laurentius,
608 1108 737 1170 sponsor
753 1089 800 1151 sui
836 1130 840 1134 -

387 1171 428 1234 Et
445 1193 574 1254 sponsor
590 1171 722 1254 ingentis
740 1172 825 1234 lucri.
913 1200 916 1204 “

455 1256 567 1319 Tribus
585 1275 639 1338 par
656 1256 759 1319 urbem
777 1257 903 1320 cursitat

389 1338 504 1403 Diebus
520 1340 639 1403 infirma
656 1341 793 1421 agmina,
904 1393 907 1398 .

390 1424 577 1508 Omnesque,
598 1423 649 1507 qni
666 1427 792 1508 poscunt
808 1425 931 1508 stipem,

366 1521 368 1524 ’
389 1507 511 1593 Gogans
530 1509 561 1571 in
579 1529 671 1572 unum
689 1519 721 1572 ot
738 1525 939 1594 congregans.

458 1593 676 1676 lllicutrisqne
694 1593 846 1657 obtutibus

366 1740 369 1749 Χ
389 1678 488 1743 Orbes
506 1688 629 1743 cavatos
646 1679 821 1762 praeferens

388 1761 503 1825 Baculo
520 1763 647 1844 regebat
662 1762 786 1845 praevio

387 1846 504 1909 Errore
522 1855 674 1909 nutantem
694 1847 833 1928 gradum,

454 1929 497 1995 Et
514 1931 636 1994 claudus
653 1929 783 2011 infracto
802 1952 897 2014 genn,

388 2014 447 2079 Vel
465 2036 553 2094 crure
573 2025 678 2078 trunco
696 2015 840 2099 semipes,

387 2098 556 2164 Breviorvc
573 2100 674 2184 planta
691 2119 732 2162 ex
750 2100 846 2162 alt-era

390 2183 535 2246 Gressum
553 2182 692 2246 trahebat
709 2182 852 2266 inparem.

454 2267 513 2330 Est
530 2267 675 2331 ulcerosis
694 2268 818 2330 artubus
894 2308 897 2315 -

389 2350 450 2434 Qui
468 2352 536 2416 tabe
554 2361 698 2436 conrupta
716 2352 805 2428 ilnat3

388 2436 462 2514 Est,
482 2437 566 2502 cuius
585 2456 674 2501 arens
693 2437 819 2501 dextera
861 2460 864 2467 ·
1025 2491 1028 2495 .

273 2529 277 2532 ’
387 2521 509 2586 Nervos
527 2522 559 2585 in
576 2523 676 2586 ulnam
696 2524 862 2584 contrahat.
1056 2544 1065 2575 t

453 2607 545 2670 Tales
563 2607 668 2690 plateis
686 2606 823 2669 omuibus

305 2753 308 2756 ,
388 2688 533 2773 Exquirit
549 2691 691 2754 adsuetos
708 2690 750 2753 ali

388 2774 545 2839 Ecclesiae
563 2774 669 2839 matris
686 2796 780 2860 penu,

385 2857 469 2941 Quos
486 2860 551 2945 ipse
568 2861 681 2944 primus
698 2871 832 2925 noverat.

416 2938 606 3007 ”Recenset
623 2945 696 3007 exin
714 2944 850 3028 singulos
918 2961 920 2966 ’

389 3027 533 3091 Scribens
551 3028 662 3092 viritim
681 3028 817 3107 nomina,
952 3029 957 3033 ’

389 3111 499 3195 Longo
517 3124 549 3176 et
564 3112 678 3176 locatos
697 3113 802 3175 ordine

387 3198 519 3261 Adstara
538 3218 591 3282 pro
608 3199 717 3281 templo
734 3197 823 3260 iubet

453 3280 662 3366 Praescriptns
680 3293 710 3345 et
726 3282 785 3344 iam
804 3281 935 3344 {luxerat

391 3363 480 3447 Dies:
501 3366 620 3429 furebat
637 3366 752 3431 fervido

387 3447 484 3513 Iudex
501 3471 611 3514 avarus
630 3451 736 3535 spiritu

387 3531 539 3598 Promissa
558 3534 635 3599 solvi
653 3534 830 3619 efflagitans.

452 3618 531 3682 Tum
549 3613 680 3706 martyra
703 3620 869 3700 „Adsistas
889 3619 993 3698 velim,

388 3702 585 3788 „Coramque
604 3704 762 3789 dispositas
781 3725 851 3788 opes

390 3787 549 3867 „Mircrc,
569 3810 642 3872 quas
662 3786 765 3853 noster
783 3788 866 3853 Deus

394 3872 583 3952 „Praelives
601 3874 631 3937 in
651 3874 763 3939 sanctis
782 3875 884 3938 habet:

112 4060 114 4065 '
149 4058 208 4114 tet.
229 4059 283 4111 Tun
306 4059 412 4112 BFnbr.
424 4061 517 4113 Heius.
536 4094 570 4104 -
589 4062 647 4114 131.
665 4079 710 4129 spa
724 4061 821 4114 ItPnbc
834 4061 931 4113 Canch.
942 4062 1035 4114 Weitz.
1047 4067 1104 4122 ete,
1121 4062 1256 4128 spemAet

113 4131 163 4176 cet.
182 4154 214 4170 .—
243 4076 300 4180 tri.
320 4131 413 4180 orntr
434 4159 469 4170 ·-
496 4131 555 4181 111.
575 4133 651 4184 acR:
671 4129 970 4194 congregatrabr.cts.
997 4162 1032 4172 -
1059 4129 1256 4180 1111113111-

18 4240 24 4265 ,
114 4193 174 4244 lbb.
192 4207 272 4245 amcam
285 4197 320 4254 R:
341 4200 474 4248 contrabit
485 4197 543 4260 ΑΕ,
565 4197 616 4248 dei.
627 4199 696 4249 Cort.
710 4197 743 4247 ad
756 4199 820 4248 Luc.
835 4199 878 4258 lv,
894 4198 955 4250 426.
982 4228 1017 4238 -
1046 4196 1208 4248 tonsoria
1225 4223 1255 4235 -

115 4261 174 4314 160.
190 4262 306 4326 primus]
319 4261 367 4314 AR
376 4273 425 4315 etc.
437 4270 472 4326 [r.
485 4267 527 4317 37.
538 4267 605 4327 11],
615 4281 723 4331 promus
732 4266 820 4315 arua.
831 4265 896 4316 Bob.
906 4267 928 4316 1.
937 4267 1030 4316 Heius.
1041 4264 1086 4314 Ar.
1104 4290 1137 4302 -·
1155 4264 1217 4315 165.
1226 4279 1257 4314 en

112 4329 171 4382 Gis.
181 4331 215 4379 11.
229 4355 264 4364 -
282 4329 468 4393 mesaraicas
478 4335 500 4386 0
510 4336 567 4385 Pnt.
579 4333 640 4385 ΔΜ.
659 4363 692 4374 -
713 4333 771 4384 170.
782 4332 946 4400 dispostaam
957 4333 1019 4384 nto.
1030 4338 1088 4393 etc,
1101 4346 1153 4384 non
1164 4333 1254 4385 Helos.

112 4397 157 4459 [ci.
168 4411 191 4448 v.
203 4396 262 4447 268.
275 4397 334 4447 4⁸23.
346 4397 374 4447 51
377 4400 404 4464 j.
416 4405 478 4462 ete]
488 4429 521 4441 —
