2744 4852
117 248 160 318 62
516 251 587 310 Aur.
606 248 752 310 Prudentii
770 250 858 311 Clem.

204 417 247 483 Ni
265 416 396 502 refugis,
417 436 493 500 quae
511 425 541 480 te
558 416 701 497 doc'eant,
722 438 782 480 non
800 419 831 480 iu
849 416 941 481 Patre
959 418 1025 481 solo
1100 487 1102 491 ,

205 504 274 568 Vim
293 503 459 566 maiestatis
478 501 622 584 positam,
642 504 694 565 sed
712 522 779 566 cum
797 501 890 566 Patre
908 500 1062 567 Christum

121 607 169 659 315
204 587 283 653 Esse
301 586 414 666 Deum,
434 586 517 652 velut
533 586 605 649 illud
623 586 666 649 ait
684 587 867 672 genealogus
884 588 978 651 idem:

206 674 262 753 „A
279 671 411 737 Domino
427 670 578 742 Dominus,
593 671 727 734 flammas
744 673 819 756 pluit
834 673 867 734 iu
885 671 1099 736 Sodomitas.“

204 757 280 840 Quis
297 755 461 831 Dominus,
482 756 518 820 de
535 776 592 839 quo
610 754 758 835 Domino,
778 757 804 820 si
822 757 905 820 solus
923 758 960 820 ab
978 777 1049 822 aree

205 842 330 908 Siderea
348 850 464 925 spectat
479 839 573 904 Pater
590 851 643 904 aut
659 842 790 905 ardescit
807 842 838 904 iu
857 843 939 905 iras?

205 927 300 991 Filius
319 936 464 990 armatam
482 923 605 989 Domini
622 924 723 990 Patris
740 925 861 1010 ignibus
878 927 955 990 iram

120 1031 169 1086 320
205 1011 373 1098 Spargebat
390 1009 554 1075 Dominus:
574 1021 645 1074 sunt
661 1032 752 1074 uuum
771 1013 883 1075 fulmen
901 1020 1036 1095 utraque.

290 1096 375 1159 Hunc
393 1096 419 1159 si
436 1094 575 1159 Iudaicos
592 1096 637 1159 sie
655 1096 808 1160 intellecta
825 1097 979 1179 rigassent
1074 1120 1077 1125 ·

205 1182 350 1260 Auditus,
371 1180 504 1264 stupidas
523 1189 556 1243 ut
572 1190 697 1263 possent
713 1190 841 1264 tangere
858 1181 965 1260 libras,

204 1267 371 1351 Audissent
387 1264 548 1329 Dominum
567 1265 730 1339 virtutum,
752 1268 802 1348 qui
821 1277 980 1351 pereuntes

205 1351 341 1416 Venerat
358 1361 391 1413 ut
408 1360 547 1414 seruaret
564 1370 653 1414 oves:
674 1351 725 1413 sed
745 1351 782 1412 ab
801 1351 924 1414 auribus
943 1353 1041 1414 omnis

120 1453 168 1507 325
204 1435 354 1499 Fluxerat
372 1444 514 1513 orbatus,
535 1445 624 1518 caput
640 1445 671 1497 et.
687 1436 746 1498 iam
765 1436 871 1498 coctile
889 1433 965 1498 Bual

204 1520 353 1583 Fluxerat
371 1518 580 1601 auriculasque
598 1540 654 1582 suo
671 1519 815 1603 spoliarat
832 1521 957 1584 honore.
988 1566 990 1570 .

203 1604 275 1669 Dux
294 1605 393 1688 populi
410 1604 562 1688 peccantis
581 1605 666 1673 adest
684 1605 838 1668 demente
856 1606 973 1668 corusci

203 1689 341 1752 Luminis
359 1688 557 1771 adloquioque
574 1687 650 1764 Dei,
670 1689 846 1771 tabulasque
864 1690 1017 1752 tremendo
1120 1748 1127 1754 .

202 1773 318 1837 lucisas
337 1773 431 1856 digito
447 1792 539 1836 caeca
556 1773 593 1835 ad
612 1773 742 1836 tentoria
760 1775 868 1837 delent.
959 1810 964 1817 -
1042 1808 1050 1822 ·

118 1877 167 1929 330
203 1857 262 1922 Sed
281 1852 532 1922 eadit‘iuiacicm
550 1857 633 1942 plebs
650 1878 711 1921 uon
728 1858 832 1922 visura
850 1860 1015 1942 profundae

201 1943 295 2026 Legis
313 1943 344 2005 in
363 1943 458 2026 effigie
476 1942 619 2026 seriptum
635 1962 691 2027 per
707 1943 859 2027 enigmata
877 1942 1043 2007 Christum.

168 2038 171 2043 '
204 2027 332 2106 Infelix,
351 2048 427 2110 quae
445 2028 512 2090 luce
530 2028 633 2090 oeulos
652 2029 830 2111 praestricta
847 2039 991 2112 paventes
1122 2028 1140 2051 ²

203 2112 332 2176 Texerit
348 2121 380 2174 et
397 2130 501 2194 presso
520 2111 624 2173 faciem
643 2112 753 2174 velarit
770 2113 896 2174 amictu!

201 2197 245 2260 Ar
262 2216 318 2258 nos
336 2195 450 2258 reiecto
467 2192 622 2258 Christum
639 2195 787 2258 velamine
806 2214 907 2257 eoram

117 2303 166 2356 335
202 2278 362 2346 Cernimus
379 2289 468 2362 atque
486 2276 584 2342 Deum
601 2278 687 2342 vultu
702 2279 893 2362 speculamur
908 2289 1027 2363 apertc=

201 2364 268 2430 Nec
285 2365 340 2428 sub
358 2364 426 2447 lege
443 2363 531 2447 gravi
548 2364 690 2447 depressa
707 2366 807 2427 fronte
823 2364 970 2437 iacemus,

203 2449 263 2515 Sed
281 2449 356 2532 legis
374 2449 490 2512 radium
508 2448 628 2512 sublimi
646 2449 837 2532 agnoscimus
855 2469 919 2512 ore.

137 2580 142 2586 .
201 2533 271 2597 lieu
289 2534 431 2596 frondosa
449 2533 531 2617 prius
550 2533 642 2596 ramis
661 2533 796 2597 felicibus
815 2533 922 2597 arbori

200 2617 366 2700 Pinguibus
385 2617 442 2679 heu
460 2617 608 2698 quondam
625 2617 716 2680 radix
732 2618 871 2700 oleagina
888 2618 984 2682 bacis!

117 2721 167 2774 340
200 2700 283 2765 Ecce
301 2701 355 2763 tibi
372 2701 487 2763 inserto
505 2701 664 2764 revirescit
681 2722 761 2764 nune
779 2702 910 2765 oleastro

201 2787 341 2859 Truncus
360 2795 390 2849 ct
407 2786 528 2848 externi
545 2785 676 2850 vestitur
693 2787 806 2850 cortice
822 2786 908 2850 libri!

200 2870 264 2935 lam
281 2871 427 2933 miserere
445 2870 504 2933 tuir
525 2890 586 2933 uon
603 2890 637 2934 se
654 2871 803 2934 siluestris
820 2871 893 2934 olivi

201 2954 349 3019 Surculus
366 2953 508 3016 exultans
526 2953 625 3016 alieno
643 2954 744 3036 stipite
760 2955 870 3017 iactat:

201 3038 262 3103 Sed
279 3047 396 3114 monet,
415 3046 449 3099 ut
467 3037 588 3119 generis
605 3038 717 3121 proprii
735 3058 851 3102 memor
867 3040 1000 3121 unguine
1019 3059 1123 3105 amaro

116 3144 164 3196 345
201 3122 392 3188 Contristare
410 3141 510 3184 comas
529 3123 704 3195 desuescas,
725 3123 817 3207 stirpe
834 3144 891 3187 nee
908 3125 971 3186 imo
1086 3147 1089 3152 ·

199 3208 339 3272 Invideas
357 3206 457 3270 missis
475 3206 506 3269 in
525 3208 604 3270 celsa
622 3207 777 3272 cacumina
796 3208 900 3292 virgis.

199 3291 394 3375 Blasphemas
412 3291 590 3370 Dominum,
611 3312 686 3375 gens
703 3293 920 3376 ingratissima,
941 3291 1103 3357 Christum.

282 3373 400 3438 Pascha
416 3384 500 3437 tunm
519 3376 580 3454 dic,
600 3375 662 3450 dic,
682 3376 766 3440 euius
784 3379 821 3441 de
839 3378 986 3462 sanguiue
1004 3380 1111 3441 lectum

171 3465 175 3471 '
199 3459 281 3524 Tam
293 3458 457 3542 sollempne
474 3458 528 3520 tibi
547 3461 612 3522 est?
634 3460 699 3543 quis
719 3463 836 3525 taudem
855 3463 990 3526 caeditur
1006 3482 1103 3546 agnus

115 3565 165 3618 asu
200 3543 384 3619 Anniculus,
405 3563 492 3608 sacer
508 3543 559 3607 ille
577 3542 631 3608 tihi
647 3546 841 3612 redeuntibus
859 3547 966 3611 annis?

148 3717 210 3771 315.
218 3715 264 3767 ille
272 3717 315 3765 cit
323 3713 386 3766 Cell.
396 3743 431 3754 -
439 3714 617 3780 mistorum
628 3714 734 3780 Cauch.,
742 3718 884 3784 flammam
893 3718 1129 3784 Heins.‚stommca
1138 3718 1163 3769 Δ
1170 3725 1199 3771 et
1206 3727 1259 3773 cet.

112 3816 148 3828 ...
157 3785 217 3839 320.
227 3788 353 3848 auoque]
368 3781 416 3834 Au
424 3780 486 3833 Ald.
497 3783 590 3835 Waltz.
600 3784 693 3836 Heius
702 3784 760 3846 Aa,
774 3791 885 3851 aterque
896 3785 1078 3838 CauchFabr.
1090 3786 1197 3839 uis.1.=
1213 3788 1258 3841 vd.

8 3864 11 3867 “
113 3854 213 3920 Proles.
223 3859 248 3905 et
257 3852 287 3903 C.
298 3851 332 3913 X,
343 3852 369 3901 5.
379 3852 409 3901 Ρ.
418 3851 465 3911 111,
476 3849 519 3903 80.
530 3858 578 3902 etc.
596 3880 631 3890 -
648 3852 709 3906 322.
722 3859 841 3918 meat]
858 3853 1014 3919 Auqutu.
1025 3852 1141 3917 etchr„
1152 3858 1260 3921 postire!

112 3925 157 3976 NP
166 3925 226 3974 Put.
236 3921 345 3978 flcins.;
357 3923 405 3969 aaut
410 3935 439 3984 p.
450 3917 493 3969 bru
502 3918 674 3972 Fabr.Weitz.
684 3950 719 3959 -
728 3922 788 3974 326.
798 3937 849 3986 qua
858 3936 910 3973 om.
920 3923 945 3974 Δ
954 3952 983 3964 -
994 3922 1056 3975 331.
1065 3921 1257 3987 11131εῶ-
1302 3976 1305 3981 ,

113 3989 174 4044 332.
180 3994 278 4056 persar.
289 3985 391 4038 AEPab
401 3984 455 4047 [vd.
465 4001 490 4037 v.
500 3987 583 4048 4353,
591 3993 707 4052 praesta.
718 3996 767 4041 cet.
785 4020 820 4029 -
837 3989 898 4041 334.
916 3993 1027 4053 reiecto]
1042 3990 1186 4043 haustu.
1198 3993 1255 4045 Cis.

110 4056 206 4108 Heius.
217 4055 271 4118 [vd.
281 4058 366 4117 Not.]‚
382 4054 484 4104 detecto
494 4053 565 4106 Sich.
575 4056 670 4108 Weita.
680 4056 726 4106 Ar.
742 4084 772 4097 -
786 4057 848 4113 sta.
860 4059 967 4110 sisstlo.
976 4057 1060 4110 ΔΕΗ
1069 4061 1129 4111 liat.
1138 4060 1215 4112 Sich.
1223 4090 1256 4101 -

113 4122 740 4195 341.1ηοω.ι,οιιοεα1232413333,-

145 4274 206 4325 316.
217 4270 453 4335 Genes.X1X,2l.
700 4272 1069 4341 discumberemus,
1082 4279 1126 4330 36.
1140 4308 1175 4320 -
1193 4281 1254 4333 333.

144 4338 289 4396 32113351.
301 4338 511 4392 Controluduaos
520 4341 663 4394 inscribunt
696 4343 787 4397 DCor.
798 4347 844 4408 111,
857 4346 966 4399 13...15.
977 4377 1005 4385 -
1016 4348 1066 4398 340
1076 4361 1117 4413 sq.
1128 4347 1254 4402 Aduom.

111 4411 222 4475 interpp.
241 4437 275 4449 -
293 4404 345 4462 324
358 4421 418 4472 sqq.
437 4409 529 4463 blattb.
545 4411 600 4472 XV,
620 4412 663 4464 24.
699 4412 745 4471 xl,
756 4412 838 4478 llsq.
