2744 4852
505 224 756 307 llamartigonia..
894 220 902 235 ⁰
983 288 985 297 ,
1050 186 1059 201 Ι
1113 224 1182 295 ’91

127 393 175 456 Ao
192 392 276 457 velut
292 391 417 456 artificis
433 391 558 457 Domini
573 414 681 459 manns
697 395 892 479 inporfeeurm
1134 416 1184 470 255

128 477 172 541 Os
191 476 321 550 dederit,
341 478 419 559 quod
435 478 532 541 adbuo
549 500 600 543 res
617 480 724 563 exigat
740 490 793 543 ant
809 479 977 565 byaeintbis

127 560 259 645 Pingere
277 562 414 625 sutilibus
432 562 588 626 redimitae
606 564 715 629 frontis
732 564 765 629 in
781 584 869 641 aree,

126 645 215 710 Colla
230 647 279 709 vel
297 647 401 728 ignitis
418 646 537 710 sineere
554 648 711 730 incingere
728 649 836 726 sertis,

125 732 260 794 Auribus
279 742 331 793 aut
348 731 482 814 gravidis
498 732 612 797 virides
629 735 812 817 suspendere
829 735 937 814 baeas,
974 784 979 793 .

125 815 268 880 Neetitnr
285 827 316 878 et
333 816 435 880 nitidis
453 817 634 881 eonebornm
652 818 785 882 enlenlus
803 819 908 882 albens
1133 837 1183 889 270

126 898 269 966 Crinibus
287 901 475 984 aureolisque
492 902 572 985 riget
590 923 676 967 nome
692 914 778 967 texto
796 905 920 968 eatenis.

124 985 242 1048 Taedet
259 986 425 1069 sacrilegas
443 997 571 1050 matrum
588 1008 767 1071 percurrere
784 1008 890 1064 ouras,
917 1004 920 1009 ’
1008 1049 1013 1057 .

123 1069 303 1135 Muneribus
321 1072 423 1133 dotata
438 1069 497 1135 Dei
515 1092 592 1155 quoe
610 1073 755 1156 plasmata
773 1074 844 1137 ineo

125 1155 280 1232 loticiani,
299 1165 333 1217 ut
350 1155 509 1239 pigmentis
527 1157 604 1220 eutis
620 1157 705 1231 inlita
724 1159 831 1241 perdat

124 1239 213 1321 Quod
231 1241 344 1319 fuerat,
366 1240 442 1302 falso
460 1262 521 1303 nou
538 1242 730 1324 agnoscenda
748 1243 860 1306 colore.
1132 1256 1182 1315 275

115 1323 210 1388 ,Haeo
227 1345 320 1387 sexus
338 1324 415 1387 male
432 1325 520 1389 fortis
538 1326 617 1409 agit,
638 1327 686 1389 eui
702 1337 825 1411 pertore
840 1327 874 1391 in
890 1337 958 1391 arto

123 1407 213 1474 Mens
232 1409 348 1492 fragilis
368 1409 448 1473 laoili
464 1410 606 1474 vitiorum
623 1411 748 1496 llnetuot
763 1422 863 1476 aeno.

210 1493 307 1577 Quid?
324 1496 401 1576 quod
420 1495 532 1579 etipse
549 1505 638 1578 eaput
654 1497 808 1560 muliebris
826 1496 962 1579 eorporis
980 1508 1011 1560 et
1028 1517 1097 1573 rex,

124 1578 184 1661 Qui
202 1579 281 1659 regit
298 1580 459 1642 invalidam
477 1581 597 1663 propria
615 1581 652 1643 de
668 1600 761 1643 earne
777 1591 925 1644 resectam

122 1662 322 1742 Particulam,
343 1663 466 1746 quivas
484 1674 619 1727 tenerum
639 1664 751 1728 ditione
768 1665 932 1748 gubernet,
1133 1683 1183 1737 aso

124 1747 260 1812 Solvitur
276 1749 308 1810 in
325 1749 447 1811 luxumr
467 1768 575 1812 oernas
592 1749 769 1813 mollesoere
786 1750 868 1812 enltu

124 1832 243 1896 Heroas
260 1834 394 1906 vetulos,
416 1833 519 1916 opifex
536 1833 643 1915 quibus
660 1852 768 1916 aspera
785 1833 920 1896 membra

123 1916 273 1983 Finxerat
290 1928 321 1981 et
337 1916 451 1999 rigidos
468 1919 632 1982 duraverat
648 1918 767 1981 ossibus
785 1928 881 1982 artus.

123 1999 182 2067 Sed
202 2003 290 2086 pudet
307 2023 376 2066 esse
393 2001 490 2078 viros,
510 2013 661 2085 quaerunt
675 2003 841 2067 vanissima
858 2024 1009 2088 quaeque,

122 2086 198 2170 Quis
217 2088 348 2165 niteant,
369 2087 500 2170 genuino
517 2088 601 2151 leves
617 2098 652 2150 ut
667 2087 779 2151 roboro
795 2089 931 2153 solvant:
1132 2108 1181 2161 285

121 2171 244 2238 Vellere
263 2194 322 2257 non
341 2173 457 2246 ovium,
477 2173 531 2235 sed
547 2170 615 2235 Eoo
632 2192 674 2236 ex
691 2173 764 2241 orbe
781 2174 882 2257 petitis

122 2254 287 2320 Remorum
304 2257 408 2340 spoliis
425 2257 575 2320 fluitantes
591 2279 712 2322 sumere
728 2260 855 2323 amiotus

123 2341 264 2406 Gaudent
280 2352 314 2405 et
327 2343 435 2406 durum
451 2342 576 2405 scutulis
593 2344 774 2426 perfundere
791 2365 907 2426 eorpus.

121 2427 253 2490 Additur
269 2447 336 2505 ars,
356 2436 389 2488 ut
405 2427 455 2489 fila
474 2427 574 2490 herbis
592 2436 729 2491 saturata
746 2429 875 2493 reeootis

121 2511 263 2575 lnludant
278 2512 380 2575 varias
399 2511 539 2575 distinete
557 2512 677 2576 flamine
694 2513 820 2577 formas.
1130 2532 1180 2585 too

121 2594 162 2660 Ut
179 2617 313 2678 quaeque
331 2607 378 2659 est
394 2596 505 2680 lanugo
524 2597 608 2661 ferae
625 2597 915 2672 mollissimum,

120 2679 270 2745 Peetitur:
289 2681 367 2745 buno
384 2682 488 2745 videas
505 2682 635 2746 lasoivas
652 2693 792 2767 praepete
810 2704 902 2747 eursu
959 2698 964 2705 ·

120 2764 290 2829 Venantem
309 2766 442 2844 tunicas,
459 2767 560 2830 avium
579 2788 697 2850 quoqne
713 2767 930 2831 versicolorum

120 2849 300 2914 indumenta
317 2851 404 2914 novis
423 2861 576 2914 texentem
594 2851 710 2935 plumea
728 2851 815 2915 telis:

119 2933 206 2998 lllum
224 2935 383 3018 pigmentis
401 2936 606 3001 redolentibus
623 2947 655 3000 et
672 2936 833 3020 peregrino

119 3018 251 3085 Pulvere
269 3021 414 3083 femineas
432 3032 623 3105 spargentem
641 3022 769 3105 turpiter
786 3041 889 3085 ouras.

206 3103 317 3168 Omnia
335 3106 427 3169 luxus
445 3106 535 3169 babet
554 3117 678 3169 nostrae
695 3106 892 3189 vegetamina*
906 3106 1003 3184 vitae,

124 3187 269 3254 Sensibus
286 3189 318 3252 in
337 3191 467 3272 quinque
484 3200 622 3253 statuens
640 3209 717 3271 qnae
736 3190 867 3253 uendidit
884 3200 1022 3265 auctora,
1163 3262 1166 3266 ,

119 3274 253 3338 Auribus
272 3285 361 3357 atque
380 3274 491 3349 oeulis,
510 3284 573 3336 tum
589 3275 714 3339 naribus
732 3284 822 3358 atque
840 3274 941 3360 peleto
1048 3272 1051 3277 ’

119 3358 286 3444 Quaeritur
302 3360 433 3424 inieotnn
450 3359 568 3426 vitiosis
586 3359 702 3424 artibus
718 3365 808 3425 usne
957 3386 961 3395 ·
1132 3378 1182 3430 'tto

72 3512 128 3565 287.
137 3513 228 3564 moltil.
237 3515 270 3577 a,
279 3514 393 3583 rmdpttl.
402 3511 465 3567 Ald.
476 3513 534 3567 Gis.
543 3542 577 3554 -
585 3514 647 3569 271.
655 3516 734 3567 rubet
741 3514 774 3577 Ε,
784 3530 857 3567 neno
865 3519 920 3567 ent.
930 3513 999 3567 oonl.
1008 3513 1102 3566 Heius.
1112 3512 1180 3565 Adv.

72 3609 118 3633 .—
135 3581 197 3635 272.
211 3582 373 3634 Editasner.
383 3581 451 3634 AEP
460 3581 527 3701 gnon
537 3582 653 3650 Weiss.)
670 3610 705 3622 -
721 3582 782 3638 278.
796 3584 892 3634 aaron
908 3608 943 3618 —
960 3582 1020 3635 274.
1027 3584 1126 3649 pipm]
1136 3581 1182 3631 ΑΡ

72 3655 94 3700 a.
105 3650 205 3703 Weiss.
215 3650 362 3702 HeinsAr.
378 3656 414 3713 [v.
424 3650 458 3706 22
479 3652 601 3716 affigo.
611 3664 638 3700 m
648 3652 724 3715 Pras.
734 3648 797 3701 Ald.
807 3651 864 3702 (ils.
874 3648 970 3705 Weitz.
986 3679 1020 3689 -
1037 3649 1098 3704 279.
1111 3652 1183 3699 reei-

72 3731 156 3768 rrn-
164 3718 225 3773 281.
236 3719 342 3770 inolere.
354 3718 394 3769 1A
403 3748 437 3757 -
447 3720 509 3772 285.
519 3718 599 3781 levor]
608 3719 696 3770 ottae
704 3720 763 3770 llat.
774 3720 839 3772 Dav.
849 3720 906 3771 Gis.
917 3718 1010 3771 Weitr.
1020 3717 1112 3768 lleine
1121 3717 1180 3778 An,

72 3783 145 3836 nAO
159 3785 199 3853 (et
207 3786 249 3838 alil
259 3786 319 3838 edd.
330 3785 438 3854 Heius.)
451 3784 548 3839 Weiss.
557 3785 631 3848 dtu,
645 3787 732 3839 rotent
745 3787 800 3849 ott,
815 3785 948 3839 rolooatA
959 3811 995 3825 ·-
1014 3783 1077 3838 288.
1090 3798 1121 3834 oo
1130 3796 1182 3833 oen

72 3853 170 3906 -288,
179 3855 302 3916 manlio]
312 3856 445 3909 AWe'tstt.
455 3856 703 3918 mementorum„
712 3855 948 3907 mahumetos.
958 3878 993 3889 -
1008 3851 1055 3907 221
1061 3852 1136 3915 ‚sore
1145 3865 1182 3903 un

72 3936 89 3972 r.
99 3921 378 3989 Woltz.Ar.qnaeA‚
392 3927 487 3988 eoique
495 3923 563 3974 ooni.
573 3924 666 3975 lleins.
683 3950 719 3963 -
735 3923 796 3975 283.
810 3921 933 3973 moret.
943 3920 1001 3971 Gis.
1019 3946 1054 3959 -
1070 3919 1133 3974 225.
1146 3936 1183 3972 ee

72 3989 208 4044 t-ebo.
220 3994 380 4057 oureslterg.
391 4006 434 4058 op.
446 3992 586 4045 718771.-
597 3990 762 4045 888...288.
772 3989 873 4043 onnAz
884 3986 1025 4041 artnomo
1036 4014 1072 4031 -

72 4126 124 4177 788.
134 4131 217 4189 aeut]
229 4127 323 4193 Scalig.
333 4127 441 4179 eonieet.
452 4142 479 4193 p.
491 4128 533 4180 68.
543 4141 589 4179 ve-
623 4128 657 4178 ll.
667 4141 695 4192 p.
704 4127 747 4191 87,
759 4125 899 4177 meliorest
908 4122 1182 4192 solmnnmapove

72 4209 83 4246 s
98 4195 224 4260 intellegit
236 4196 263 4246 in
277 4196 435 4247 scutularum
449 4196 467 4244 i.
483 4210 507 4247 e.
522 4210 589 4260 qua·
622 4197 688 4259 pise.
704 4210 730 4261 p.
747 4192 806 4245 att.
821 4191 911 4260 Sit),
931 4192 976 4258 qni
993 4194 1088 4261 virgata
1101 4194 1182 4246 vesti-

72 4276 135 4315 trnrn
149 4263 272 4330 (retium)
285 4264 394 4316 lorntom
407 4269 501 4324 witae,
521 4276 589 4328 qnae
622 4268 722 4322 menta,
733 4261 753 4311 i.
763 4257 1134 4331 e-bopdmd,inmrprottmr:
1143 4260 1179 4313 el.

72 4331 163 4383 tlieatio
172 4331 206 4382 ob
215 4346 240 4382 v.
250 4333 432 4397 lat...som.‚
442 4329 475 4381 do
484 4329 587 4394 qnord.
622 4327 948 4397 rememorarentur,
959 4331 1003 4385 87.

72 4414 97 4452 n.
109 4400 136 4453 b.
146 4402 289 4467 lxxxv„
302 4401 392 4467 tuta
405 4396 584 4451 Becker-(boll.
894 4426 897 4433 -
