2744 4852
440 243 540 292 contra
559 231 720 312 Symmacb.
740 233 775 292 ll.

121 397 201 462 Mon
220 408 355 462 tenerum
373 399 462 462 docili
478 399 600 484 ingenio
618 401 736 484 iamque
753 399 866 463 artibus
884 390 983 484 aptum

121 482 292 547 Nosoendis
310 483 396 546 varia
412 505 514 547 rorum
532 485 667 550 novitate
683 485 805 569 politum
822 496 880 548 est.

122 568 198 631 lude
217 578 333 631 tumens
351 568 434 633 vitiis
452 569 563 632 calidos
582 570 713 632 adolevit
728 571 760 632 in
778 590 890 648 annos,

117 651 230 716 'Donec
248 654 370 715 decocto
387 653 530 716 solidaret
546 653 655 717 robore
672 659 766 719 vires.

122 737 254 821 Tempus
272 739 372 812 adest,
392 749 426 800 nt
442 738 501 800 iam
519 739 616 821 sapiat
633 739 751 818 divina,
770 759 897 802 somnae

121 821 237 886 Mentis
256 822 396 899 corrsilio,
413 823 549 887 vivacius
567 823 666 886 abdita
683 824 791 889 sollers

124 906 280 989 Quaerere
298 918 329 970 et
345 919 487 971 aeternae
506 909 622 976 tandem
641 908 800 992 invigilare
818 907 920 972 salutii

123 991 327 1074 Quamquam,
347 992 374 1055 si
392 1002 507 1055 tanturn
524 993 653 1056 studium
672 1004 718 1056 est
735 1003 766 1056 et
783 1013 856 1057 cura
873 993 984 1056 vetusti

122 1075 221 1140 Moris
239 1087 270 1139 et
286 1097 305 1139 a
322 1076 421 1159 prisco
439 1077 536 1160 placet
554 1078 632 1156 hand
649 1078 801 1141 discedere
818 1079 894 1157 ritu,

121 1160 220 1224 Extat
236 1161 268 1223 iu
286 1160 417 1244 antiquis
435 1162 603 1245 exemplum
622 1162 721 1225 nobile
738 1162 840 1240 libris,

121 1245 186 1308 Iam
205 1255 276 1310 tunc
293 1244 395 1311 diluvii
414 1245 468 1308 sub
486 1256 619 1329 tempora
637 1247 685 1310 vel
702 1245 799 1329 prins,
817 1248 870 1310 uni

98 1329 292 1394 -Iuservisse
310 1329 376 1393 Deo
394 1341 529 1413 gentem,
547 1351 623 1413 quae
642 1331 735 1414 prima
752 1342 890 1395 recentes
966 1370 971 1375 -

121 1413 252 1479 Incoluit
269 1426 367 1479 terras
384 1436 538 1498 vacuoque
556 1415 702 1479 habitavit
718 1416 750 1478 in
767 1416 854 1492 orbe;
885 1478 887 1483 .

121 1498 209 1567 Unde
227 1521 321 1582 genus
340 1499 421 1563 ducit
438 1510 558 1563 nostrae
576 1511 714 1582 porrecta
732 1521 864 1584 propago

122 1583 232 1669 Stirpis
251 1595 281 1647 et
297 1585 456 1666 indigenae
474 1584 592 1667 pletatis
610 1584 678 1646 iura
694 1586 851 1648 reformat.

122 1668 183 1733 Sed
202 1669 271 1752 qnia
287 1668 435 1732 Romanis
452 1667 602 1752 loquimur
618 1669 654 1731 de
672 1669 817 1745 cultibus,
836 1668 931 1753 ipsum
1095 1744 1100 1750 .

122 1752 286 1837 Sanguinis
306 1753 450 1816 Hectorei
468 1753 605 1836 populum
624 1753 733 1836 probo,
754 1764 886 1836 tempore
904 1755 994 1837 longo
1038 1762 1042 1768 '

120 1837 192 1902 Non
211 1839 320 1901 multos
338 1837 466 1901 coluisse
484 1839 556 1901 deos
573 1838 710 1921 rarisque
728 1838 847 1901 sacellis

122 1921 305 1999 Contentum
323 1940 432 2006 paucas
451 1922 587 2002 posuisse
604 1922 636 1984 iu
655 1922 779 1986 collibus
797 1943 878 1985 aras.

119 2005 299 2071 Innumeros
317 2017 384 2090 post
401 2007 506 2070 deinde
524 2008 595 2070 deos
613 2007 725 2071 virtute
742 2007 875 2070 subantis

120 2089 253 2155 Urbibus
272 2101 302 2153 et
320 2091 409 2154 claris
427 2091 542 2174 peperit
558 2091 616 2154 sibi
632 2089 731 2154 Roma
748 2092 921 2176 triumphis,

119 2173 206 2239 Inter
223 2177 371 2239 fumantes
388 2177 564 2258 templorum
582 2187 698 2239 armata
714 2176 819 2240 ruinas

119 2258 258 2323 Dextera
277 2260 400 2324 victoris
417 2260 577 2323 simulacra
595 2260 714 2324 hostilia
732 2261 825 2344 cepit,
992 2329 995 2333 ,

120 2342 163 2407 Et
181 2345 298 2427 captiva
316 2345 449 2419 domum,
468 2365 618 2408 venerans
637 2366 692 2408 eeu
710 2347 847 2422 numina,
865 2346 960 2409 uexit.

121 2427 189 2492 Hoc
206 2429 441 2512 signumrapuit
458 2428 580 2492 bimaris
598 2431 635 2492 de
651 2440 755 2511 strage
773 2427 927 2504 Corinthi,

120 2510 199 2576 lllud
217 2514 253 2576 ab
270 2514 402 2576 incensis
420 2513 450 2576 in
468 2515 608 2597 praedam
625 2515 751 2597 sumpsit
767 2514 905 2578 Athenis.

121 2596 273 2679 Quasdam
291 2599 371 2661 victa
389 2598 469 2661 dedit
485 2599 591 2682 capitis
609 2597 770 2683 Cleopatra
788 2599 887 2662 canini

120 2680 260 2766 Effigies,
279 2683 420 2764 quasdam
439 2683 557 2745 domitis
575 2684 733 2746 Ammonis
750 2684 871 2747 harenis

121 2765 243 2853 Syrtica
262 2777 403 2830 cornutas
421 2767 514 2829 facies
532 2766 663 2829 habuere
680 2777 814 2850 tropaea.

120 2850 220 2915 Roma
236 2850 445 2935 triumphantis
462 2850 599 2934 quotiens
618 2850 701 2914 ducis
718 2851 822 2914 inclita
839 2872 959 2915 currum

120 2935 279 3000 Plausibus
297 2935 433 3034 excepit,
452 2935 562 2999 totiens
580 2936 689 3000 altaria
706 2936 806 3000 divum

120 3021 244 3084 Addidit
260 3032 291 3084 et
307 3021 410 3104 spoliis
428 3020 547 3084 sibimet
563 3040 641 3084 nova
660 3022 782 3084 numina
801 3021 886 3101 lecit3

120 3104 267 3180 Numina,
289 3126 364 3189 quoe
382 3105 487 3188 patriis
505 3127 571 3168 cum
589 3105 743 3168 moenibus
761 3115 847 3169 eruta
865 3106 976 3168 nullum

121 3189 307 3255 Praesidium
325 3201 448 3274 potuere
466 3190 529 3253 suis
547 3190 666 3253 adferre
683 3190 813 3253 sacellis.
886 3206 892 3213 ·

207 3271 332 3350 Cernis,
352 3286 385 3338 nt
402 3274 515 3357 antiqui
533 3294 651 3358 semper.
667 3274 796 3357 vestigia
814 3273 908 3337 moris
953 3278 957 3291 '

121 3358 285 3425 Grcssibus
302 3359 426 3423 incertis
443 3360 528 3424 varie
548 3359 693 3423 titubasse
710 3360 890 3443 probentur,
967 3398 971 3403 -

119 3444 326 3508 Adscisoeudo
343 3446 414 3508 deos
432 3443 595 3507 maioribus
612 3445 818 3528 inconpertos,
1109 3504 1113 3511 .

118 3528 220 3613 Seque
237 3528 396 3614 peregrina
413 3528 469 3593 sub
487 3529 644 3613 relligione
662 3529 794 3608 dicasse,
1125 3546 1175 3598 aas

117 3612 187 3679 Neo
203 3614 280 3678 ritus
298 3634 437 3679 servasse
454 3616 545 3677 suos?
587 3613 792 3696 Quodcunque
810 3634 965 3679 sacrorum
983 3625 1046 3695 est,

115 3696 236 3763 Exulat
253 3710 471 3782 externumque
488 3696 639 3761 inimicam
656 3696 790 3763 venitin
806 3699 919 3765 urbem.
1069 3702 1076 3711 “
1106 3774 1110 3781 Ι

70 3814 129 3873 333.
138 3818 165 3869 si
172 3820 238 3868 tant.
248 3818 330 3881 stud]
339 3816 431 3869 AEPR
440 3814 504 3868 sot.
514 3817 536 3868 1.
547 3815 610 3869 Ald.
621 3817 689 3869 Gls..
699 3821 790 3869 tannes
797 3815 968 3869 amorWeltz.
979 3818 1040 3875 ete,
1051 3813 1096 3881 qut
1102 3814 1172 3880 virg.

70 3888 99 3939 ι.“
108 3887 146 3950 lt,
158 3884 201 3939 1⁰.
212 3883 234 3953 (l
242 3883 265 3954 l)
274 3887 318 3951 ol,
329 3888 354 3936 si
362 3887 412 3936 tibi
421 3891 441 3936 t.
451 3901 527 3937 amor
535 3886 603 3938 conl.
614 3886 724 3938 Gronov.
734 3885 752 3936 l.
763 3885 782 3937 l.
792 3912 826 3925 -
834 3884 894 3935 336.
904 3888 952 3933 ot.
964 3880 1172 3949 ..placent'r-

70 3956 92 4009 t.
101 3968 158 4007 onn.
170 3952 211 4005 td
223 3982 257 3993 -
273 3954 333 4007 341.
342 3970 370 4004 n.
381 3954 440 4005 dato.
451 3953 514 4005 Atd.
528 3980 563 3992 -
580 3954 638 4007 347.
647 3954 707 4004 tado
716 3952 778 4004 nto.
791 3980 827 3990 -
843 3947 1176 4005 at8.ttritmnttW:10n

70 4022 92 4075 l.
102 4029 165 4075 nom
174 4022 279 4086 Heius„
289 4036 342 4075 non
351 4020 411 4074 cdd.
421 4050 456 4062 -
464 4020 525 4075 367.
536 4027 698 4088 aotemumq.
708 4018 770 4072 nto.
780 4021 848 4082 Gis..
858 4023 1047 4083 aeternumque
1054 4020 1176 4085 migrans

70 4122 460 4191 l51.cnptioa]Tertnll.Apol.
471 4124 516 4177 to:
530 4122 588 4178 Nec
620 4123 847 4240 mcitatcooela‘pso
860 4118 993 4186 appellata
1001 4122 1174 4187 promerunt.-
1190 4158 1195 4165 .

70 4208 80 4245 n
84 4192 266 4261 persingulas
279 4193 417 4244 demersum
431 4193 529 4258 (daos),
548 4197 589 4244 tot
620 4190 773 4242 nomsolera
800 4186 1174 4253 omanosraligioneswbinm

70 4265 178 4323 uanos,
186 4275 279 4322 noum,
295 4265 404 4324 estmoe,
419 4263 587 4317 barbaros*-
619 4262 805 4324 superatas-aena
812 4257 914 4323 portien
922 4258 1064 4324 pmonlim,
1071 4259 1172 4324 partim

70 4332 165 4390 otiam,
176 4329 322 4394 adoptivos.
339 4327 440 4381 Aroob.
450 4329 585 4395 adesam,
617 4325 723 4394 publice
732 4339 893 4377 conmanere.
908 4352 942 4365 -
959 4326 1019 4379 354.
1030 4340 1089 4392 cap.
1098 4328 1173 4385 aaa]

70 4433 76 4448 .
88 4412 116 4466 p.
124 4397 188 4454 122:
207 4396 311 4450 Cincius
323 4399 431 4450 crumina
440 4398 586 4466 peregrina
621 4393 693 4462 etp.
705 4395 746 4446 ta.
