2744 4852
120 256 182 325 138
522 257 594 319 Aur.
615 256 763 319 Prudentil
781 259 871 320 Cleo.

331 429 399 490 Cum
419 428 469 487 suh
488 429 638 488 sacricolis
655 429 757 488 territa
774 425 892 504 regibus

328 512 386 572 Vix
404 533 492 591 panso
510 523 625 592 poterat
641 530 761 574 currere
778 512 916 583 carbaso,

328 597 515 676 Afflictosquo
533 616 599 656 suos
617 597 729 656 turhine
746 597 837 655 seculi

329 680 469 742 Vectarat
486 680 592 760 rapidis
610 682 741 741 fluctibus
758 682 906 740 innatans:

329 767 454 826 illorsum
473 760 633 827 vulnilicum
651 767 699 826 lex
715 767 762 847 pia
779 766 907 844 pertulit.
970 784 973 788 ’

330 852 501 911 Occultahat
514 853 591 911 enim
608 870 640 911 ee
658 852 736 931 prins
753 849 878 911 abditum

328 936 428 1007 Virus,
447 954 501 995 nec
518 932 665 1014 gravidum
683 935 843 1014 protulerat
860 945 956 1013 caput,

330 1021 499 1081 Contentum
517 1021 672 1081 involueris
689 1031 774 1098 etque
792 1020 932 1079 euhilihus
1028 1078 1031 1087 ,

330 1105 436 1164 thter
453 1107 632 1184 conprimere
651 1105 747 1164 clausa
764 1105 886 1165 silentia.
923 1136 927 1141 ·

329 1189 387 1248 Sed
405 1187 469 1247 dum
488 1191 564 1248 forte
583 1190 674 1247 latens
692 1190 813 1267 inpietas
829 1191 918 1266 riget,

328 1274 463 1334 Dextram
482 1275 607 1332 iustitiae
625 1274 708 1352 pigra
725 1272 919 1335 momorderat

329 1357 467 1417 Succensi
482 1359 632 1419 stomacho
650 1358 726 1417 icllis
743 1359 915 1418 inaestuans.

329 1443 392 1501 Heu
410 1463 490 1522 quam
511 1443 680 1502 catholicam
698 1441 737 1500 nil
755 1461 845 1521 prope
865 1444 971 1521 profuit

327 1527 445 1606 Puppim
461 1540 545 1586 nasse
562 1528 640 1586 sacri
657 1527 779 1602 remigio
797 1529 870 1598 stili,

328 1612 416 1684 Quem
435 1612 538 1671 Pacius
554 1613 640 1671 variis
658 1612 791 1689 gentihus
810 1611 912 1671 edidit!

326 1695 384 1754 Vix
403 1709 486 1775 porta
504 1696 618 1775 placido
637 1707 696 1755 tuta
715 1698 863 1778 quieverat

326 1779 441 1840 Victrix
458 1781 590 1841 edomitis
608 1780 685 1841 mille
702 1782 859 1840 lurorihna:

327 1865 384 1923 Vix
403 1865 540 1927 adstricta
557 1867 614 1924 suis
631 1866 687 1924 iam
705 1867 871 1925 retinaculis

326 1951 470 2010 Vectores
489 1951 584 2011 stabili
600 1948 771 2011 condiderat
788 1951 865 2022 solo,

326 2035 456 2113 Erumpit
472 2036 566 2095 suhito
584 2036 667 2095 triste
684 2037 851 2113 periculum.

328 2118 402 2177 Nam
420 2119 484 2178 dum
503 2118 683 2197 praecalidos
702 2120 917 2195 igniculossihi

326 2202 477 2261 Solvendis
495 2202 612 2263 adolent
629 2213 660 2262 et
677 2203 758 2262 senio
777 2214 812 2263 et·
825 2204 906 2280 gelu,

325 2288 396 2347 Dum
415 2288 510 2365 virgas
528 2287 641 2346 steriles
658 2297 742 2365 atque
760 2289 917 2366 superfluas

326 2373 456 2444 Flammis
475 2371 511 2431 de
529 2371 596 2433 [idei
615 2371 729 2450 palmite
749 2383 946 2443 concremant,

326 2455 364 2516 Ut
382 2467 519 2516 concreta
536 2457 617 2534 v'agie
636 2458 720 2517 vinee
735 2456 861 2517 ‘crin'ihus

327 2540 432 2600 Silvosi
450 2542 582 2601 inluviem
599 2552 722 2619 poneret
738 2540 823 2613 idoli,

326 2625 455 2703 Palpavit
472 2626 572 2683 nimius
590 2627 747 2702 perniciem
765 2636 858 2704 tepor.

327 2710 400 2788 Seps
418 2711 527 2769 insueta
546 2709 622 2768 suhit
640 2729 757 2788 serpere
774 2710 896 2770 flexibus

326 2795 363 2852 Et
380 2795 494 2855 vihrare
511 2814 601 2872 sagax
619 2795 726 2874 eloquii
744 2806 848 2873 reputa

327 2878 385 2938 Sed
404 2879 505 2939 dextra
516 2881 665 2957 ¹inpatiens
681 2881 821 2950 vulneris,
840 2880 941 2939 inritos

327 2964 391 3022 Oris
409 2964 548 3022 rhetorici
566 2962 676 3040 depulit
693 2963 810 3037 halitus,

325 3047 452 3106 Effusum
471 3049 579 3125 ingenii
596 3049 673 3124 virus¹
690 3049 815 3106 inaniter

325 3131 439 3192 Summa
458 3132 637 3191 Christicolis
655 3133 684 3191 iu
703 3142 769 3192 cute
786 3131 922 3190 substitit.

388 3216 523 3276 Salvator
540 3218 656 3294 generis
673 3215 818 3289 Romulei,
837 3235 957 3296 precor,

327 3301 380 3372 Qui
399 3304 509 3360 cunctis
527 3304 636 3361 veniam
656 3299 707 3360 dae
725 3302 922 3379 pereuntibus,

325 3383 378 3455 Qui
398 3385 501 3443 nullum
520 3387 621 3445 statuis
640 3405 696 3443 oon
714 3387 811 3463 operis
830 3387 870 3443 tui

326 3467 492 3539 Moralem,
510 3469 589 3528 facili
608 3487 690 3546 quem
709 3470 820 3528 releves
838 3489 935 3528 manu:
1034 3511 1037 3516 ·

328 3551 430 3623 Huius,
450 3554 473 3610 si
490 3555 566 3631 potis
584 3563 642 3624 est,
660 3555 714 3611 iam
733 3554 927 3625 miserescito,

111 3653 144 3706 35
326 3635 510 3719 Praeceptum
528 3639 557 3698 in
575 3639 687 3698 ioveam
704 3639 870 3718 praecipitis
886 3639 952 3698 viri.

125 3776 128 3780 ’
146 3756 189 3822 hd.
199 3768 300 3836 cupid]
316 3771 377 3824 Wm
386 3768 527 3826 RatFabr.
537 3770 710 3835 Gis.Weitz.,
726 3770 811 3823 rahid.
822 3777 881 3832 cet,
898 3769 1012 3838 sedrap.
1023 3768 1154 3835 epitheton
1164 3770 1260 3823 hario-

81 3844 85 3867 ¹
112 3853 169 3890 ram
184 3837 237 3890 lere
249 3845 403 3904 perpetuum
415 3843 468 3900 est,
488 3837 530 3889 vd.
539 3839 680 3901 haereat,
696 3841 738 3893 15.
757 3840 819 3890 Hor.
830 3838 880 3891 0d.
891 3841 911 3899 1,
930 3841 971 3902 tt,
989 3839 1014 3890 9.
1032 3838 1090 3890 Tih.
1100 3840 1145 3902 IV,
1160 3841 1185 3901 1,
1198 3840 1258 3892 141.

111 3907 424 3968 cte.1tat.n.11,42‚1ou.
434 3907 508 3958 Caes.
517 3905 680 3966 h.eir.1‚5lt.
690 3905 786 3958 Ohhar.
796 3907 829 3958 ad
838 3906 929 3958 Boeth.
938 3907 1071 3973 p.133.-
1082 3908 1260 3974 imcompre-

110 3979 194 4024 meret
204 3975 235 4036 P,
251 3989 303 4040 quo
312 3973 552 4041 premarctmhld.
562 3974 641 4025 Tora.
659 4003 693 4012 -
711 3975 753 4025 59.
769 3975 1017 4042 properofrcitAE,
1028 3976 1206 4042 propararent)
1227 4002 1257 4014 -

112 4041 155 4092 ht).
165 4040 326 4106 Poppm:
346 4057 437 4094 enema
446 4042 517 4104 Gis„
529 4042 709 4092 emmeranni.
719 4043 812 4093 Heius.
825 4071 854 4080 —
870 4044 914 4094 65.
924 4042 1074 4094 crediderat
1084 4041 1153 4094 conl.
1163 4042 1258 4094 Heius.

111 4106 372 4177 -oaanpaata
386 4136 421 4146 -
432 4110 575 4163 decuma
587 4139 622 4149 —
635 4109 677 4161 ⁷1.
688 4109 749 4160 Sta
763 4138 796 4149 .-
810 4108 852 4161 ll.
863 4110 938 4177 seps]
947 4111 979 4175 Ε,
989 4110 1059 4163 roni.
1068 4110 1154 4163 Latia.
1164 4112 1259 4163 etelr-

111 4172 412 4299 ppondgpvpiptappnptopp.
422 4192 474 4231 var.
485 4176 544 4232 leet.
554 4192 578 4230 e.
588 4178 744 4243 22.,Weitz.
753 4177 909 4241 Retrahe,
920 4178 984 4246 Sper
993 4186 1042 4231 cet.
1053 4208 1086 4217 -
1096 4179 1140 4231 rt.
1149 4181 1259 4232 habim

145 4342 189 4396 74.
206 4346 277 4408 rapa]
288 4342 326 4393 Cl.
337 4345 401 4396 cell.
410 4347 522 4415 Hesych.
533 4365 556 4400 s.
568 4363 590 4400 v.
600 4368 605 4399 ε
617 4352 664 4413 oi·
699 4349 763 4409 723:
781 4349 896 4414 Omapuc
909 4349 1049 4401 dissolvere
1067 4363 1126 4400 oum
1145 4363 1258 4415 corpore

24 4456 26 4461 ,
111 4407 350 4480 reclamaturi,
368 4409 450 4482 iocur,
466 4418 663 4483 ethemmtx,
702 4418 944 4485 tabificatum.-
