2752 4854
576 238 811 318 Psyebemnrbin.

211 403 254 469 Et
271 405 335 468 lars
352 401 483 469 innoeue
502 404 645 471 tinxisset
660 427 716 471 san
740 409 809 473 uine
827 408 958 485 ferrum,

209 488 253 554 Ni
269 488 363 553 Ratio
380 489 580 574 armipotens,
601 492 699 575 gentis
715 429 864 559 beritius
880 514 943 559 uua

210 572 337 658 Semper
352 575 411 638 lida
429 596 545 654 eomes,
566 576 701 662 elypeum
719 577 900 643 obiectasset
915 589 946 643 et
962 589 1048 645 atrae

209 659 316 723 Hostis
334 659 371 721 ab
388 659 513 724 incursu
530 659 629 725 eleros
646 660 777 725 texisset
794 663 959 747 alumpnes.

209 743 300 810 Stant
317 743 374 807 tuti
391 743 532 808 Rationis
550 766 622 830 ope,
640 756 722 811 stent
738 747 858 811 turbine
876 749 913 812 ab
931 749 1013 813 amni
1087 808 1091 815 .
1218 767 1268 818 005

207 828 351 893 lumunes
369 830 522 912 fortesque
540 830 647 895 animie
667 831 722 896 vix
738 830 770 895 in
788 842 856 897 eute
872 852 990 898 summa

207 912 442 998 Praestringens
460 935 570 998 pauens
587 914 672 979 tenui
689 917 726 981 de
743 917 869 983 vulnere
884 917 1014 983 laedis·

209 995 319 1084 Cuspis
336 999 506 1063 Avaritiae.
552 998 673 1084 Stupuit
690 1000 748 1065 luis
765 1000 892 1085 inproba
909 1004 1000 1069 eastis

208 1082 345 1148 Heroum
361 1083 472 1168 iugubs
489 1084 539 1147 len
563 1105 653 1157 esua
670 1084 731 1149 tela
747 1085 866 1171 repelli,

116 1214 133 1220 -
207 1166 338 1253 Ingemit
355 1179 386 1258 et
403 1168 489 1232 dietis
507 1106 618 1234 ardeus
635 1170 797 1234 furialibus
810 1170 890 1235 iniit:
1217 1194 1267 1246 510

294 1253 480 1334 „Vineimur
497 1254 556 1319 beu
574 1275 700 1338 segnes,
719 1276 775 1319 nee
793 1266 899 1319 uestra
917 1257 1051 1339 petentia
1069 1260 1184 1343 perfert

210 1336 308 1417 „Vim
326 1338 462 1415 salitam,
481 1340 605 1422 languet
620 1339 764 1404 violentia
782 1360 874 1404 saeva
892 1342 1035 1421 nocendi,

209 1420 388 1503 „Sueverat
402 1423 524 1488 invietis
542 1434 620 1507 quae
635 1424 750 1491 auibus
768 1424 869 1489 omnia
885 1425 995 1509 ubique

207 1507 387 1592 „Rumpere
404 1509 496 1571 eorda
513 1508 681 1572 bominume
701 1530 757 1573 nee
775 1509 855 1572 enim
873 1521 935 1573 tam
952 1511 1053 1576 ferrea
1064 1534 1247 1599 quemquam

209 1591 392 1672 „Formavit
409 1604 518 1656 natura
535 1593 649 1667 virum,
670 1594 754 1657 euius
772 1593 859 1676 rigor
875 1614 948 1657 aera
1217 1619 1266 1670 515

208 1675 415 1762 „sperneres
435 1688 489 1740 aut
504 1687 611 1741 nestra
627 1679 708 1741 feret
723 1677 951 1761 inpenetrabilis
968 1701 1053 1745 aure.

207 1762 392 1847 „ingenium
412 1783 500 1827 omne
516 1762 585 1827 ueei
602 1761 749 1836 dedimus,
769 1773 887 1841 tenera,
905 1784 1030 1848 aspera,
1048 1766 1137 1844 dura,

199 1846 347 1927 ¹‚,l)eeta,
365 1848 487 1910 indocta
503 1847 607 1922 simul,
623 1847 712 1911 brute
729 1857 761 1911 et
778 1847 942 1931 sapientia,
961 1869 1018 1912 nee
1034 1871 1096 1913 nou

208 1930 346 2011 ,‚Casta,
365 1931 481 1995 incesta
498 1952 582 1995 meae
600 1942 764 2014 patuerunt
779 1943 902 2016 peetera
920 1933 1057 1999 dextrae.

206 2016 307 2097 „Sola
323 2017 418 2099 igitur
434 2016 521 2100 rapui
538 2016 679 2099 quidquid
697 2015 778 2102 Styx
796 2016 996 2081 abdit-avaris
1215 2039 1265 2094 520

207 2100 429 2184 „Gurgitibust
447 2101 534 2180 pubis
552 2101 699 2167 ditissima
717 2112 834 2165 tartara
851 2102 976 2181 debent,

205 2185 317 2268 „Quos
332 2184 474 2264 retinent,
488 2186 625 2270 populos:
645 2186 722 2270 quud
734 2187 858 2251 volvunt
870 2187 1006 2266 saecuta,
1025 2199 1161 2253 nostrum
1170 2201 1228 2270 est,

206 2318 229 2351 „
264 2271 321 2334 uod
339 2271 444 2333 miseet
462 2272 588 2335 mundus
605 2292 720 2337 vesana
736 2271 1041 2355 negutia‚.n0strum.

206 2403 230 2436 ‚,
264 2356 295 2418 ui
311 2356 360 2429 fit,
380 2355 567 2439 praevalidas
585 2357 664 2438 quod
681 2357 796 2440 pollens
815 2356 912 2439 gloria
929 2357 1013 2422 vires

184 2514 187 2519 ¹
206 2440 357 2522 „Deserit
374 2452 404 2503 et
422 2460 525 2503 nasses
542 2440 617 2503 ludit
634 2441 754 2503 fortuna
772 2441 922 2504 lacertas?
1213 2463 1261 2518 525

206 2524 344 2606 „Sordet
362 2523 550 2589 Christicolis
568 2524 720 2589 rutilantis
738 2525 821 2588 lulva
839 2535 977 2589 monetae

206 2610 371 2694 „Rupes
391 2611 516 2674 sordent
532 2609 652 2693 argenti
669 2609 846 2673 emblemata
863 2621 894 2673 et
910 2611 1009 2674 omnis

205 2695 407 2773 „Thesaurus
424 2695 564 2778 nigrante
581 2693 678 2758 oeulis
694 2693 813 2758 vilescit
829 2695 955 2761 benere.

204 2779 310 2862 „Quid
328 2780 385 2843 sibi
403 2781 489 2842 decta
507 2780 612 2843 volunt
629 2778 768 2842 fastidia?
785 2799 885 2842 noune
904 2779 1084 2864 triumphum

204 2864 358 2948 „ligimus
376 2885 418 2928 ex
434 2861 594 2928 Seariotb?
610 2882 739 2945 magnus
757 2863 807 2945 qui
825 2864 1037 2947 diseipulorum
1213 2884 1262 2936 53⁰

204 2948 273 3029 „Et
291 2949 418 3013 eenrive
437 2947 510 3026 Dei,
531 2948 599 3011 dum
616 2948 695 3011 fallit
711 2948 833 3011 loedere
850 2966 973 3013 mensae

203 3034 468 3117 „Haudquaquam
484 3033 624 3116 ignarum
642 3032 837 3116 dextramque
854 3033 1012 3116 parabside
1028 3032 1140 3119 iungit,

205 3119 342 3197 „Incidit
357 3118 390 3181 iu
409 3127 545 3183 nestrum
562 3117 731 3181 flammante
749 3117 886 3200 eupidine
904 3118 1009 3192 telum,

202 3203 373 3284 „Infamem
388 3212 541 3267 mercatus
558 3222 666 3285 agrum
682 3203 719 3266 de
736 3202 884 3284 sauguine
901 3202 991 3266 amiei

152 3338 213 3392 50⁷.
226 3340 328 3393 rasa.
339 3338 518 3391 aminaea.
531 3366 566 3375 -
583 3337 643 3389 aas.
659 3336 1014 3402 innumerandaque.
1025 3319 1064 3379 -’
1077 3338 1259 3393 erraneam.

122 3406 171 3460 td:
177 3407 388 3475 praqsertl'uld:
395 3408 438 3459 ed.
449 3405 544 3460 cruet.
555 3404 617 3457 Ald.
628 3406 694 3467 Gis„
704 3406 834 3471 resertW
843 3406 982 3460 300110-
996 3407 1056 3459 010.
1065 3406 1183 3460 Duravit
1189 3409 1259 3462 Erb:

119 3479 195 3542 niger
202 3475 280 3527 Fuld.
289 3505 324 3517 -
333 3477 393 3531 522.
403 3481 451 3527 atti
459 3476 590 3527 001013-
602 3476 663 3529 023.
671 3479 755 3526 norb.
766 3474 917 3527 000010·-
926 3476 986 3530 524.
995 3475 1260 3545 0000000000100.

117 3569 149 3582 -
159 3545 220 3599 528.
229 3547 310 3611 migr.
320 3544 376 3594 Pie.
386 3544 519 3597 21000.-
528 3544 587 3600 529.
598 3548 674 3595 tuate
682 3542 851 3595 vel.Caueb.:
866 3546 948 3595 tadum
965 3545 999 3595 lte
1007 3543 1157 3611 Fabulis„
1168 3548 1262 3597 birem-

113 3613 180 3679 pbes
189 3611 242 3663 att.
257 3627 285 3679 p.
295 3611 356 3664 171.
375 3640 410 3652 -
427 3610 487 3664 030.
497 3616 544 3675 ete]
560 3608 707 3663 AERhRat.
721 3612 905 3678 [optfleins2]
918 3559 989 3674 Ab„
1005 3619 1089 3677 eret,
1104 3615 1259 3681 exeariotp,

116 3678 219 3733 eamd:
234 3679 327 3745 Egtm.
337 3678 434 3743 laedar,
445 3678 522 3731 Febr.
533 3678 604 3730 Gla:
621 3694 738 3729 mmmm
747 3680 794 3744 qut
801 3679 895 3744 Regem
904 3678 971 3730 Sieh.
979 3679 1074 3733 Waltz.
1093 3707 1126 3719 -
1145 3680 1261 3746 aterpa-

114 3748 232 3811 radride]
246 3748 338 3801 RPut.
349 3742 451 3809 Helius,
463 3762 574 3814 parops.
584 3745 641 3810 Aa,
649 3762 759 3814 parops.
770 3753 834 3799 eet:
850 3747 1001 3812 scripturam
1007 3747 1115 3812 parade.
1127 3750 1261 3814 (peraque.)

113 3815 230 3884 Hesych.
245 3813 431 3886 [παράψιὸεςῆ
442 3810 589 3884 παρόψιδες
597 3812 632 3867 τὰ
640 3813 743 3879 μεγάλα
751 3815 874 3884 τρυβλία]
887 3814 981 3866 laidet.
996 3815 1054 3873 [Or.
1064 3814 1134 3875 XVI,
1150 3812 1195 3866 19:
1212 3830 1265 3881 pa.-

112 3886 186 3937 rebe.
202 3884 417 3951 quadrangulum
429 3886 449 3934 i.
464 3901 488 3934 e.
498 3884 611 3951 paredus
624 3882 770 3945 absidibus]
789 3882 849 3934 edd.
863 3882 1090 3944 10000.Π1,112.,
1105 3882 1207 3932 Patron.
1217 3882 1261 3934 34.

112 3952 175 4020 lllg.
183 3952 304 4015 lenm,
317 3954 344 4005 3.
358 3952 403 4016 (de
411 3966 472 4003 aar.
483 3955 590 4016 etarg.)
603 3949 767 4003 confirmant:
783 3950 889 4004 alteram
902 3948 985 4014 800001
993 3948 1133 4013 scriptores
1140 3949 1262 4016 Xenopb.

112 4020 306 4141 wll.)
316 4018 412 4072 Athen.
421 4021 526 4087 (Deipu.
536 4019 585 4081 IX,
597 4018 695 4084 l.''ete.)
710 4017 795 4084 Epiet.
811 4020 869 4084 (u,
878 4017 935 4081 20.)
948 4014 1087 4080 Pbrpnleb.
1100 4015 1143 4135 (p.
1153 4015 1213 4068 ttt.
1223 4016 1262 4071 ih.

221 4087 255 4157 .),
265 4089 351 4154 quiea
360 4101 420 4141 voee
431 4095 456 4141 et
464 4086 640 4156 praebueris,
654 4093 680 4138 et
687 4101 735 4152 pra
744 4099 804 4138 vase
812 4090 947 4151 usurpant,
960 4096 1037 4148 quam
1046 4083 1114 4150 signi
1133 4083 1262 4143 rationem

113 4156 301 4224 npnulaums
308 4163 450 4222 utrumque
458 4154 565 4209 terbum
574 4155 685 4207 exhibet.
705 4154 790 4216 Quare
798 4152 859 4205 edd.
874 4153 986 4218 optimos
998 4164 1142 4218 sequamur
1150 4166 1260 4207 neeesse

114 4232 164 4289 est,
174 4224 212 4277 nl.
220 4222 382 4290 Epileg.18.,
393 4226 471 4279 utam
481 4225 529 4286 xt,
539 4225 582 4286 28,
593 4224 619 4275 3.
630 4224 739 4275 Sueten.
750 4219 876 4277 Galbll·
886 4218 1023 4273 stutemn.
1034 4219 1083 4297 ¹⁰¹2
1094 4234 1164 4287 aar„
1174 4223 1260 4290 intpp.

116 4292 149 4345 ad
158 4291 253 4347 unuh·
263 4294 361 4356 XXIII,
372 4295 416 4349 25·
427 4321 460 4332 ““·
469 4289 620 4367 ‘'ingitxffld·
630 4319 665 4330 ““

149 4410 360 4476 enatam]
373 4408 698 4471 rumpunturque,
736 4366 854 4463 v.aea.''
