2744 4852
125 236 167 303 78
327 320 331 336 l
518 237 593 298 Aac·
612 234 760 298 Prudentii
776 236 865 298 Clem.

208 403 251 468 Et
267 412 350 468 tenet
365 392 698 503 ingenites‘animarum
716 404 843 467 inlantia
861 404 892 466 in
910 413 979 467 ortu

207 488 301 552 Primi
319 489 447 552 bominis
463 489 613 568 maculas,
631 509 687 552 nee
705 489 861 572 quisquam
878 489 1014 552 nascitur
1030 488 1148 557 insons.

125 595 173 645 tta
208 574 358 639 Vitandus
376 570 476 637 tamari
494 594 583 637 error
599 574 674 648 erit,
693 594 731 637 no
747 574 872 637 traduce
888 574 990 637 carnis

208 658 392 723 Translundi
410 659 440 720 in
457 658 590 741 sobolem
608 659 750 722 credatur
766 660 834 723 lons
852 658 1019 722 animarum

208 742 372 828 Sanguinis
389 744 548 828 exemplo,
566 743 614 807 cui
630 745 897 827 textarpropagine
913 764 992 809 vena
1009 755 1068 811 est.
1105 754 1116 769 '

206 827 278 892 Non
296 829 411 892 animae
429 829 547 892 animae
564 828 698 911 pariunt,
718 829 771 891 sed
788 829 856 911 lege
872 828 985 891 latente

207 912 318 977 Fundit
334 935 407 999 opus
425 924 533 978 natura
551 935 652 988 suum,
670 914 747 997 quod
764 913 889 996 parvula
907 912 1048 976 anhelent
1161 968 1173 976 .

123 1017 172 1072 999
207 998 340 1064 Vascula
359 999 518 1082 vitalisque
535 1000 612 1062 adsit
628 998 760 1062 scintilla
777 998 900 1061 coactis.

207 1084 293 1166 Quae
312 1083 447 1165 quamvis
463 1084 564 1146 inlusa
582 1105 692 1147 novum
710 1090 848 1166 penetret
863 1101 943 1146 nova
960 1102 1078 1166 semper

205 1166 411 1251 Figmentum‚
430 1176 517 1232 vetos
535 1168 586 1230 illa
604 1168 758 1234 tanente
776 1167 901 1230 crimine
918 1187 1043 1231 avorum

207 1251 351 1326 Ducitur,
370 1252 465 1315 inluta
484 1252 621 1335 quoniam
641 1263 781 1315 concreta
799 1263 925 1317 veterum
943 1263 1000 1318 est.

205 1334 279 1400 lude
298 1338 428 1400 secunda
446 1337 523 1400 redit
542 1337 696 1420 generatio
714 1347 746 1400 et
761 1337 831 1400 inde
847 1337 968 1400 lavatur

124 1442 172 1492 995
206 1420 343 1486 Naturae
361 1422 506 1500 inluvies,
524 1423 690 1507 iterumque
708 1422 897 1485 renascimur
912 1424 993 1485 intus

204 1506 341 1585 Perfusi,
360 1517 394 1570 ut
410 1517 544 1572 veterem
560 1507 720 1591 splendens
737 1507 836 1570 anima
855 1517 949 1571 exuat
965 1507 1073 1570 Adam.

133 1659 137 1673 Ι
206 1592 293 1674 Quae
310 1592 379 1676 quia
397 1592 552 1655 materiam
570 1592 684 1677 peccati
700 1612 743 1656 ex
760 1593 862 1655 fomite
881 1593 982 1655 carnis

207 1677 390 1743 Consociata
405 1677 514 1752 trabit,
534 1698 590 1740 nec
607 1698 669 1739 non
686 1677 774 1740 arnul
790 1678 854 1760 ipsa
873 1677 969 1740 sodali
1075 1745 1083 1769 ε

204 1761 263 1825 Est
279 1761 463 1826 incentivum
480 1760 676 1844 peccaminis,
696 1762 819 1845 inplicat
836 1762 938 1823 ambas

121 1865 170 1919 nan
204 1846 328 1912 Vindex
346 1866 443 1930 paena
458 1867 529 1910 reas
547 1857 705 1931 peccantes
722 1856 822 1909 mente
839 1845 894 1908 sub
914 1865 972 1908 nna

204 1931 411 2015 Peccandique
429 1942 542 1996 memat
559 1931 657 1995 socias
676 1930 857 1995 cruciatibus
875 1931 988 2015 aequis.

205 2017 262 2080 His
281 2017 419 2080 crucibus
438 2014 577 2080 Christus
595 2037 651 2079 nos
669 2017 777 2079 liberat
793 2016 988 2099 incorruptae

203 2100 314 2165 Matris
333 2111 363 2164 et
379 2101 502 2163 innocui
520 2111 656 2182 gestator
673 2101 823 2182 corporis:
844 2119 922 2162 uitus

202 2185 350 2249 Naturam
369 2204 482 2268 paenae
499 2185 683 2267 expositam,
704 2185 755 2247 sed
775 2205 835 2246 non
851 2183 993 2247 vitiorum
1085 2214 1089 2221 ·

120 2289 168 2339 935
202 2269 352 2334 Naturam
370 2267 538 2352 expositam
556 2268 749 2331 contactibus·
758 2268 855 2331 induit
871 2265 969 2331 lesus.

202 2355 304 2438 Atque
321 2355 388 2417 ideo
406 2373 520 2438 paenae
538 2352 581 2415 nil
598 2352 699 2417 debuit
715 2352 926 2431 intemeratus,

203 2439 323 2503 Fraude
342 2458 465 2518 carens,
485 2438 566 2501 omni
584 2438 737 2523 culparum
755 2438 934 2521 adspergine
953 2435 1039 2499 liber.

201 2524 283 2671 guid
301 2522 415 2589 Christi
433 2525 463 2586 in
481 2522 623 2586 membris
641 2524 755 2606 peccati
772 2543 866 2586 saeva
883 2522 1003 2586 satelles
1039 2556 1047 2567 ,

229 2629 304 2671 aena
322 2611 445 2692 ageret?
462 2607 531 2690 quid
549 2627 630 2670 mors
648 2607 775 2670 bominis
793 2607 859 2671 siue
875 2606 1000 2671 crimine
1018 2607 1154 2693 possetij

118 2711 167 2763 tut
200 2693 351 2757 Nimirum
369 2692 464 2768 cassis
482 2691 637 2755 conatibus
654 2701 685 2754 ct
701 2691 768 2755 sine
785 2690 888 2755 nervis

203 2776 384 2843 Concideret
400 2776 513 2840 sterilis
530 2776 645 2861 peccati
662 2777 765 2840 lomite
783 2777 876 2840 nullo.
1096 2836 1099 2841 .

201 2861 288 2927 Mors
307 2863 398 2927 alitur
415 2863 516 2946 culpa,
535 2863 652 2945 culpam
670 2861 721 2944 qui
739 2883 798 2924 uon
817 2861 921 2939 babet,
941 2859 1005 2946 ipso
1097 2898 1100 2903 -

200 2946 310 3011 Pastus
329 2949 446 3010 delectu
463 2956 591 3008 mortem
607 2945 756 3008 consumit
772 2946 904 3008 inanem.
960 2978 963 2987 ·

201 3032 253 3095 Sic
271 3053 351 3094 mors
369 3033 400 3093 in
419 3029 541 3093 Domini
559 3039 733 3113 consumpto
751 3040 798 3093 est
815 3049 941 3111 corpore
960 3024 1087 3106 Christi,

116 3133 165 3184 995
201 3115 252 3181 Sic
270 3117 374 3201 periit,
392 3115 512 3180 solitum
529 3115 599 3177 dnm
617 3134 677 3177 non
697 3113 785 3176 babet
802 3114 886 3176 arida
903 3123 1031 3196 pastum,

200 3200 325 3284 Suspice
344 3211 524 3285 quapropter
540 3200 636 3263 solum
654 3199 832 3283 inculpabile
849 3188 993 3274 Numen,¹

199 3285 352 3349 Virtutem
368 3285 470 3348 Patris
489 3296 521 3348 et
538 3282 669 3362 Christi,
688 3296 719 3348 et
735 3287 793 3347 iam
811 3283 914 3349 desino
932 3292 1056 3345 cosmae

199 3367 346 3432 Invidiam
365 3369 497 3430 condere
514 3369 648 3445 animae,
667 3370 747 3450 quod
764 3369 805 3431 sit
821 3366 922 3446 Deus,
941 3365 1089 3448 ant'quod

138 3486 142 3493 ·
198 3451 414 3536 Portioparva
431 3450 506 3529 Dei,
526 3472 594 3514 cum
611 3450 735 3515 Christo
752 3452 906 3515 abscidere
923 3452 1100 3534 quidquam,

116 3554 166 3607 959
200 3535 243 3599 Et
259 3557 398 3601 resecare
416 3535 483 3600 Deo
500 3546 615 3621 partem
634 3537 681 3600 vel
700 3557 823 3621 carpere
840 3546 957 3600 tantum

198 3619 318 3696 Numen
336 3627 401 3684 oon'
416 3622 520 3701 liccat,
540 3622 659 3707 plenum
676 3621 736 3685 sibi
751 3642 870 3705 semper
887 3633 918 3686 et
934 3621 966 3685 in
985 3639 1030 3685 se.
1050 3636 1053 3641 ’

147 3740 402 3803 v,911...tt.0m.u
413 3769 442 3779 -
454 3739 513 3791 919.
525 3740 606 3804 quod]
617 3741 760 3792 APHctns.
772 3741 829 3806 [qui
840 3740 874 3791 cl.
884 3739 1009 3792 statut.
1017 3742 1093 3800 etc.]‚
1106 3753 1158 3805 quo
1169 3745 1259 3789 cet.-

113 3806 173 3865 aad.
181 3809 293 3862 Vincula
303 3810 367 3859 Τ-
376 3807 436 3860 993.
446 3808 554 3858 Dicitur
562 3807 631 3858 sot>
639 3811 698 3860 Put.
709 3828 737 3871 α,
747 3809 859 3859 Diditur
868 3808 934 3858 coni.
945 3808 1047 3868 Heius„
1062 3806 1133 3857 Duc.
1143 3813 1207 3857 cet:
1221 3808 1259 3855 in-

113 3879 182 3942 lato]
191 3876 312 3944 AEqneb
321 3878 380 3928 last.
390 3875 447 3941 Ar,
457 3878 487 3925 in
497 3875 553 3926 loco
563 3890 599 3937 m,
610 3877 685 3926 illoto
695 3885 743 3928 cet.
757 3906 784 3915 -
799 3874 1175 3943 manuscriptionem
1184 3874 1271 3924 occuit-

112 3945 137 3996 Α
148 3974 177 3985 -
189 3947 249 3998 tat.
260 3949 359 4015 ctppne
367 3946 392 3996 ta
400 3972 434 3983 —
443 3942 502 3996 939.
513 3943 569 3994 ind.
580 3942 643 3994 datr
651 3945 677 3994 A
686 3976 720 3985 -
730 3945 789 3996 997.
801 3945 918 4010 sequitur
927 3946 955 3993 in
964 3956 1016 3993 ree.
1026 3941 1086 3994 edd.
1096 3949 1123 3993 et
1131 3941 1258 3992 eddffie.

112 4014 206 4066 Wettr.
217 4021 266 4067 ete.
275 4028 316 4066 a:
336 4011 582 4081 Qet'dpeccatorum
592 4015 721 4079 prosapta
730 4012 941 4078 corporcinr'lto,
957 4025 1035 4075 quem
1049 4023 1103 4061 om.
1113 4007 1260 4061 APOTm

112 4081 171 4131 Put.
182 4080 244 4133 tta.
254 4082 358 4134 -aaa
368 4080 533 4132 homtrtiGls.
544 4080 637 4132 Weltz.
648 4080 706 4130 Rat.
719 4108 752 4116 -
761 4080 821 4131 941.
830 4076 1082 4130 ConciderentAEP
1090 4078 1168 4128 Pet:
1182 4079 1261 4129 stort-

112 4148 149 4199 lco
157 4149 200 4198 ΕΡ
209 4149 270 4200 rot.
279 4177 313 4186 -
323 4151 382 4209 948.
391 4149 526 4202 Naturam
534 4149 610 4199 Patr.
621 4149 679 4202 Put.
691 4177 725 4186 —-
735 4148 795 4198 949.
805 4148 956 4198 abscindere
965 4146 1042 4198 Fabr.
1053 4147 1111 4196 Gis.

145 4263 308 4317 tbi-...itm
325 4272 412 4318 contre
424 4268 662 4326 Proetus-rotaticos,
697 4265 847 4331 Agitl'rnd.
858 4263 1261 4318 contreManichaeorometlto-

111 4335 159 4399 qui
175 4332 306 4384 Obro’sturn
321 4336 421 4397 negarit
441 4350 531 4386 corum
553 4337 665 4386 domitos
689 4326 972 4396 'cetarumdoctrinam
988 4331 1261 4398 quosolimPlteote-

110 4416 205 4469 corpus
213 4401 333 4453 tabulato
343 4400 375 4453 ab
384 4401 468 4468 intpp.
478 4402 663 4456 inscribuntur.
698 4405 794 4456 destos
811 4400 956 4457 mundum
975 4401 1055 4453 Clam.
1069 4399 1144 4453 bles.
1157 4400 1257 4453 strom.
