2744 4852
111 234 152 300 54
189 230 193 244 ‘
507 231 578 292 Aur.
598 230 749 292 Prntmut‘
762 230 851 290 Clem.

115 421 145 471 10
199 400 286 464 Haud
305 420 431 482 uuquam
451 409 560 462 testata
577 397 674 462 Deum
692 397 823 482 'potuisse
840 396 947 459 videri.
975 445 979 451 ,

197 485 252 548 Ille
269 484 376 562 Pater,
397 505 483 566 quem
500 484 582 546 nulla
600 483 681 546 acies
699 482 829 546 violenta
848 482 957 544 tuendo

197 569 324 633 Eminus
342 569 476 631 ardentis
492 569 662 652 penetravit
677 567 814 629 acumine
831 566 931 642 visus,

199 653 258 737 Qui
277 675 310 730 se
328 656 423 716 l'orma
443 653 570 716 bominis
587 673 648 714 raon
665 650 762 714 induit
777 661 810 714 ct
825 650 945 713 deitatis

40 801 43 809 ,
198 736 369 802 Inmensum
387 739 546 822 adsumpto·
557 758 619 800 nun
637 745 854 820 temperatura
871 735 1007 798 modove.

117 844 147 893 15
200 825 263 886 Aut
280 823 448 906 evangelici
464 823 560 906 pietas
577 822 746 906 spernenda
762 820 856 883 libelli

199 909 280 986 lom,
300 909 485 991 blaspheme,
506 907 560 970 tihi
577 917 637 972 est:
654 917 706 968 ant
723 924 874 988 uunquam
891 905 958 968 visa
975 903 1054 966 beati

200 993 256 1058 Vis
275 994 386 1056 intacto
402 991 505 1055 Patris
521 1013 582 1054 nou
600 991 790 1055 admiscenda
805 988 948 1052 caducis?
1106 1047 1108 1056 ,

86 1092 91 1100 “
201 1076 261 1142 Sed
280 1089 378 1139 tamen
397 1089 428 1138 et
444 1075 545 1140 Putris
562 1087 610 1145 est
626 1075 792 1160 specimen,
813 1076 890 1157 quod
909 1092 1034 1136 cernere
1054 1074 1099 1136 las
1118 1073 1170 1150 sit,

201 1160 348 1224 Humanis
367 1160 526 1242 aliquando
541 1159 636 1223 oculis
655 1177 836 1239 concurrere
853 1169 1032 1242 promptum,

114 1267 147 1318 ’,νο
200 1245 286 1328 Quod
306 1247 441 1328 quamvis
460 1244 550 1309 hebes
566 1243 692 1307 intuitus
711 1242 911 1328 speculamine
929 1245 1035 1326 glauco

201 1329 402 1412 Humentique
419 1330 484 1394 acie
500 1326 598 1414 pomis
615 1329 775 1392 nebulosus
791 1329 888 1391 adire.

200 1414 334 1498 Quisque
353 1415 503 1478 bominum
520 1414 632 1478 uidisse
651 1412 746 1477 Deum
763 1423 963 1491 memoratur,
979 1413 1018 1476 ab
1036 1412 1101 1494 ipso

200 1498 334 1562 lnfusum
352 1499 427 1563 vidit
445 1509 561 1562 natum:
579 1498 762 1567 uam.Filius
782 1498 837 1561 boc
853 1508 916 1576 est,
1007 1570 1008 1575 η

200 1583 287 1667 Quod
306 1586 342 1647 de
360 1583 451 1648 Patre
468 1584 583 1648 mirans
600 1600 634 1647 se
651 1583 802 1670 praestitit
817 1583 1031 1667 inspiciendum

115 1691 147 1738 ‘25
199 1669 260 1732 Per
277 1670 502 1752 species,·quas
519 1669 616 1752 possit
631 1671 719 1730 homo
736 1668 941 1752 conprendere
958 1667 1034 1755 uisu.

198 1753 279 1816 Nem
298 1774 380 1815 mera
398 1754 539 1816 maiestas
557 1761 604 1814 est
621 1752 753 1831 inlicita,
774 1773 830 1814 nec
846 1751 941 1814 inunt
984 1762 993 1816 ἶ

200 1837 347 1912 Obtutus,
367 1836 544 1919 aliquonisi
559 1857 594 1899 se
611 1835 814 1900 moderamine
832 1835 950 1897 formet.
1040 1859 1042 1862 ·

200 1921 267 1985 Hoc
284 1923 359 1985 vidit
375 1922 513 2006 princeps
531 1921 672 2004 generosi
687 1921 812 1984 seminis
829 1920 944 1983 Abram
949 1967 969 1997 „

199 2005 263 2068 lam
281 2017 352 2068 tunc
371 2007 485 2088 dignati
502 2017 601 2068 terras
619 2006 752 2070 invisere
769 2003 885 2070 Christi

116 2111 148 2161 30
201 2091 317 2174 Hospes
336 2091 440 2167 bomo,
458 2089 491 2151 in
507 2089 654 2172 triplicem
673 2111 782 2152 numen
799 2088 933 2151 radiasse
952 2090 1090 2171 liguram.

200 2175 267 2237 Hoc
285 2173 483 2236 conluctantis
499 2181 670 2235 tractarunt
681 2172 808 2239 ²brachia
826 2171 928 2235 laceb.

168 2278 170 2283 ·
199 2257 267 2341 Ipse
286 2259 372 2320 dator
389 2257 467 2340 legis
484 2256 603 2320 divinae
620 2257 763 2320 accedere
779 2275 883 2320 eoram

129 2422 132 2427 .
200 2341 320 2420 lussus,
332 2341 488 2405 amicitiae
503 2340 624 2405 conlato
641 2340 794 2426 qui'shetit
811 2357 865 2403 ore
924 2378 926 2383 >

202 2425 363 2505 Cominus,
382 2438 415 2490 et
430 2426 527 2490 saeris
545 2426 705 2491 coniunxit
718 2426 813 2495 uerba
830 2426 970 2509 loquelis,
1083 2437 1085 2449 '

116 2532 147 2582 35
201 2510 311 2575 Carnis
328 2512 359 2573 iu
378 2512 473 2594 effigie
491 2509 644 2576 Christum
662 2533 696 2576 se
714 2531 838 2574 cernere
855 2511 966 2574 sensit:

201 2594 261 2660 Sed
279 2596 394 2657 maiora
412 2606 516 2679 petens
534 2596 663 2679 animum
681 2606 822 2679 pervola
840 2596 966 2657 tetendit

200 2679 380 2743 luconcessa
400 2679 528 2754 bomini,
548 2679 612 2764 plus
631 2700 718 2762 quam
737 2680 862 2743 mortale
881 2679 1038 2756 laborans,

194 2766 316 2849 Ipsum,
336 2772 465 2848 quantus
482 2775 565 2844 erat,
584 2764 650 2828 sinc
668 2784 794 2849 corpore
810 2765 911 2828 visam
929 2763 1091 2828 Christum.

200 2849 338 2934 Denique
354 2860 424 2933 post
440 2849 525 2912 multi
542 2850 690 2913 sermonis
707 2861 810 2912 mutua
827 2858 953 2932 postque

117 2955 148 3005 tu
202 2934 402 3019 Conspectum
420 2933 587 3017 praesentis
606 2933 719 2996 heriet
736 2933 889 2996 consortia
905 2935 1009 3017 longa,
1064 2973 1076 3015 3

201 3019 337 3102 Quaeso,
359 3018 416 3094 ait,
435 3029 469 3080 ut
484 3017 574 3079 liceat
590 3027 621 3080 tc
639 3037 719 3080 nunc
736 3015 820 3080 Deus
838 3018 947 3100 optimc
963 3036 1077 3081 nosse·
1152 3077 1157 3094 ,

201 3103 368 3189 Respondit
385 3100 550 3166 Dominuss
569 3121 677 3181 „mea,
697 3122 758 3165 nou
775 3123 838 3179 me,
857 3122 983 3166 cernere
1000 3104 1087 3166 iustis
1123 3116 1139 3127 ’·

200 3189 374 3253 Posteriora
392 3188 508 3252 daho.“
550 3185 631 3270 Quid
649 3187 781 3270 apertius
797 3186 911 3270 absque
927 3188 1042 3266 aliena,

202 3273 298 3354 Quam
318 3285 430 3353 sumat,
449 3273 543 3352 facie,
564 3271 697 3337 Verbum
717 3293 777 3336 nou
794 3293 882 3356 posse
899 3273 1014 3336 viderit

116 3378 148 3425 45
200 3356 295 3419 Posse
315 3368 428 3431 tannen,
448 3378 516 3419 cum
533 3357 617 3418 malit
633 3357 728 3435 idem,
748 3378 898 3440 nunquam
916 3356 1007 3421 Patre
1024 3357 1092 3420 viso

200 3441 346 3504 Terrenis
365 3441 458 3506 oculis
476 3440 578 3503 babitu
595 3461 629 3503 se
646 3443 806 3506 ostendere
824 3453 946 3505 nostros

201 3525 297 3609 Saepe
316 3537 347 3588 et
363 3527 394 3588 in
413 3525 566 3609 angelicas
583 3524 632 3589 vel
650 3527 792 3590 mortales
810 3527 994 3590 moderatum

152 3662 194 3715 13.
199 3663 295 3728 formo
302 3659 379 3711 Febr.
387 3662 480 3713 Helm.
489 3661 537 3713 Ar.
553 3661 650 3732 [437.],
658 3663 780 3727 smmum
788 3661 834 3713 ΔΕ
844 3669 870 3713 et
879 3667 927 3714 cet.
938 3674 1019 3723 omn,
1036 3661 1107 3712 fort:
1122 3676 1152 3711 sc
1160 3663 1258 3726 insca-

114 3746 196 3783 mum.
205 3760 234 3769 -
253 3729 295 3783 18.
304 3734 408 3795 etspec.
417 3728 495 3788 ΔΕΡ,
505 3731 629 3781 estllatr.
639 3730 733 3782 Tllcb.
745 3733 765 3781 l.
773 3745 780 3789 ς
789 3731 840 3795 sos
849 3730 942 3782 cstAE
953 3729 1054 3796 (prob.)
1062 3756 1096 3769 -
1106 3729 1155 3785 20.
1166 3729 1259 3780 elam

114 3800 208 3853 AEPR
217 3823 250 3836 -
262 3800 306 3854 22.
315 3799 505 3850 mmmounu
517 3826 545 3837 -
560 3799 604 3853 25.
614 3799 669 3848 Pac·
677 3798 741 3850 Cell.
751 3801 796 3860 lt,
810 3813 891 3864 quam
898 3799 971 3859 ssa,
985 3799 1088 3864 Parap.
1099 3813 1180 3862 quom
1189 3797 1258 3849 cont.

114 3869 173 3933 Ar,
189 3869 247 3920 lert.
263 3868 317 3918 Per
327 3867 441 3932 speciem
453 3880 547 3930 quum:
557 3871 648 3931 posset
658 3865 718 3917 abm
731 3866 793 3918 ald.
809 3868 866 3919 tiis.
877 3867 971 3920 worn.
985 3866 1032 3917 Ar.
1046 3890 1081 3903 -
1096 3865 1141 3920 2⁷.
1156 3868 1187 3915 ati
1196 3866 1261 3932 ettq

115 3936 177 3991 alt.
186 3937 291 3988 catt-
300 3935 343 3988 28.
351 3935 489 3998 sanguinis
498 3935 558 3984 R-
568 3935 611 3984 ³5.
621 3935 735 3998 effigiem
745 3937 844 3986 Put-
853 3937 897 3986 43.
908 3934 1083 4000 quodhlde-
1092 3932 1136 3983 hl.
1146 3937 1259 3985 amno-t.

115 4003 206 4054 Faba:
221 4005 383 4055 credentum
392 4003 447 4052 itta
456 4003 516 4051 Pul.
526 4000 587 4052 Ald.
598 4002 689 4052 Heius.
702 4003 747 4063 [cl.
758 4004 832 4059 v.27.
842 4005 902 4059 828.
913 4005 958 4055 Ps.
968 4004 1040 4066 274,
1051 4000 1259 4068 passive]‚*nead.

116 4075 157 4121 est
164 4072 215 4134 ΝΤ,
225 4077 397 4122 meawrohtm
406 4068 514 4133 sumt,
524 4083 601 4120 mam.
612 4074 708 4122 calcet.
718 4096 752 4109 -··

149 4187 193 4241 26.
204 4187 290 4250 blara]
303 4190 322 4239 l.
333 4205 356 4240 e.
366 4190 490 4256 simplam,
507 4203 572 4255 quae
582 4187 667 4251 aliam,
704 4189 780 4242 uerbo
793 4193 907 4250 molest,
927 4188 995 4254 quod
1010 4195 1048 4240 cst
1062 4187 1203 4251 dicimos,
1224 4188 1258 4240 cl.

117 4256 167 4306 nisi
177 4268 247 4316 eam,
263 4270 341 4318 quam
356 4271 370 4306 a
384 4265 474 4309 natura
487 4259 596 4325 accepit,
612 4257 667 4307 lor·
703 4257 788 4307 ltartb.
804 4257 871 4309 hdr.
881 4260 919 4317 X,
931 4262 955 4307 5.
974 4287 1009 4296 —
1025 4257 1068 4307 30.
1088 4271 1147 4321 sqq.
1159 4256 1259 4307 Genea.

115 4337 184 4374 mam
194 4336 246 4374 nun
255 4322 379 4383 admittit,
394 4325 436 4375 sd.
447 4328 475 4379 S.
485 4329 520 4390 ll,
531 4327 605 4386 7444
622 4326 668 4376 Gl-
702 4326 796 4387 lell,
812 4329 838 4378 2.
853 4326 963 4387 XXxll,
975 4326 1017 4377 35.
1037 4325 1118 4376 Esod.
1134 4325 1259 4386 xxxiv,

116 4392 169 4444 lan.
189 4390 206 4442 Ι.
225 4391 244 4442 Ι.
263 4389 329 4442 male
346 4389 451 4455 explicat
464 4401 612 4459 praestans.
630 4396 669 4447 lle
704 4394 929 4458 tl.,cuhem.1t,
941 4394 984 4444 73.
