2744 4852
117 246 180 313 116
332 274 335 283 ·
520 244 591 306 Aur.
600 243 759 306 Prudentii
776 244 867 305 Clam.

200 412 331 478 Pulvere
348 415 385 479 dc
402 412 499 497 campi
515 432 675 512 perversos
693 412 785 477 sumit
800 413 832 475 ln
850 431 939 485 usus,

201 498 307 562 Rasile
325 500 390 584 figit
407 498 488 560 humi
504 498 619 582 lignum
636 517 672 560 ac
690 517 724 561 so
742 497 863 582 cuspide
879 515 970 561 versa

201 581 337 647 Perfudit
353 594 384 648 et
401 583 497 646 calido
514 583 682 667 pulmonem
699 583 827 646 vulnero
843 580 963 644 transit.

119 686 166 737 155
286 667 386 751 0115ιηὶ
401 688 493 751 super
508 667 659 731 adsistens
675 666 825 731 Patientia
849 665 1040 742 ‚,Vicimus“
1059 664 1156 748 inquit

203 752 381 833 „Exultans
398 753 521 831 vitium,
540 751 630 815 solita
647 751 775 829 virtute,
793 751 859 816 siue
876 750 938 813 ullo

202 837 394 920 „Sanguinis
411 857 447 900 au
463 837 546 900 vitae
563 835 745 900 discrimina.
787 834 857 899 Lex
873 834 964 898 babet
980 835 1060 899 istud

202 921 343 1002 „Nostra
361 943 457 1006 genus
474 920 560 996 belli,
580 919 688 984 Furias
707 940 884 1002 omnemque
900 920 1046 984 malorum

203 1005 371 1085 „Militiam
387 1018 419 1070 et
435 1006 556 1070 rabidas
573 1006 731 1068 tolerando
747 1004 928 1088 extinguere
946 1004 1045 1069 vires:

117 1109 166 1161 too
200 1089 298 1172 „ipsa
315 1092 373 1154 sibi
389 1102 437 1155 est
454 1091 549 1155 hostis
564 1090 687 1155 vesanie
706 1109 797 1171 seque
815 1090 942 1153 lurendo

200 1175 377 1256 „interimit
394 1175 578 1256 moriturque
594 1175 657 1237 suis
675 1172 726 1237 lra
743 1175 834 1257 ignea
851 1175 961 1237 telis.“

286 1259 369 1323 Haec
388 1260 476 1323 effata
495 1269 579 1322 secat
595 1259 709 1322 medias
726 1259 837 1342 inpune
855 1258 1011 1337 cobortes,

198 1343 335 1429 Egregia
353 1345 494 1408 comitata
511 1344 592 1408 viro:
610 1365 680 1407 nam
697 1344 854 1428 proximus
871 1343 926 1406 lob

200 1428 351 1494 Haeserat
367 1428 498 1493 invictae
516 1429 591 1492 dura
607 1430 688 1492 iuter
705 1428 782 1493 bella
801 1429 979 1512 magistme,

115 1530 164 1583 155
200 1513 313 1578 Fronte
331 1532 457 1577 severus
468 1513 570 1576 ‘adbuc
587 1524 619 1578 et
635 1513 728 1577 molto
747 1514 853 1577 lunera
871 1513 1011 1577 anbelus:

199 1597 260 1663 Sed
278 1599 337 1661 iam
355 1598 459 1661 clausa
475 1597 555 1661 truci
572 1598 730 1663 subridens
747 1599 851 1663 ulcera
867 1599 952 1663 vultu

198 1682 317 1766 Perque
335 1682 508 1746 cicatricum
525 1703 682 1746 numerum
700 1684 807 1747 sudata
823 1703 986 1747 recensens
1010 1744 1013 1749 .

199 1766 285 1831 Milia
305 1786 488 1851 pugnarum,
507 1787 561 1829 sua
580 1767 728 1851 praemia,
748 1768 876 1831 dedecus
894 1767 1017 1833 bostis.¹

199 1851 287 1915 Illum
306 1852 376 1916 diva
391 1851 475 1916 iubet
491 1853 610 1916 tandem
627 1852 818 1934 requiescere
835 1851 878 1913 ab
891 1851 973 1913 omni

117 1953 165 2005 tro
199 1937 363 2000 Armorum
381 1936 509 2020 strepitu
527 1937 621 2020 captis
638 1947 669 1999 et
686 1935 801 2020 perdita
818 1955 954 2018 quaeque

198 2019 402 2105 Multiplicarc
420 2021 541 2105 opibus,
561 2041 618 2084 nec
633 2021 844 2104 iam'pcritura
862 2023 990 2084 relerre.

170 2106 179 2119 ‘
198 2104 268 2189 lpsa
287 2106 390 2189 globos
408 2105 560 2187 legionum
578 2116 608 2167 et
626 2106 838 2169 concurrentia
853 2106 964 2188 rumpit

198 2191 331 2274 Agmina
350 2189 517 2254 vulniferos
534 2189 677 2271 gradiens
693 2188 807 2252 intacta
824 2210 879 2273 per
895 2190 1018 2255 imbres.
1039 2244 1044 2249 .
1142 2228 1145 2239 ι

199 2273 346 2338 Omnibus
365 2293 425 2336 una
442 2293 543 2337 comes
561 2272 721 2337 virtutibus
738 2274 910 2337 adsociatnr

117 2375 165 2428 175
200 2359 416 2441 Auxiliumqnc
434 2379 520 2422 suum
537 2358 625 2421 fortis
642 2357 794 2422 Patientia
810 2358 931 2432 miscet,

197 2442 290 2507 Nulla
308 2464 418 2528 anceps
434 2444 591 2509 luctamen·
602 2443 660 2507 init
675 2444 788 2511 virtute
806 2444 872 2507 sine
888 2444 948 2508 ista

198 2527 319 2593 Virtus:
338 2539 368 2592 et
385 2529 476 2594 vidua
492 2539 555 2608 est,
576 2550 664 2612 quam
682 2551 742 2592 nou
760 2525 910 2591 Patientia
929 2529 1035 2593 lirmat.

283 2612 386 2676 Poura
404 2633 458 2697 per
473 2613 584 2677 effusas
602 2614 706 2676 inflata
724 2613 871 2696 Superbia
889 2625 1012 2684 turmas,

198 2697 316 2761 Effreni
333 2697 479 2761 volitabat
496 2718 589 2780 equo,
608 2719 696 2781 quam
713 2699 789 2782 pelle
807 2698 903 2762 leonis

115 2799 164 2852 180
199 2782 337 2847 Texerat
354 2792 385 2846 ct
404 2782 520 2847 validos
536 2782 617 2847 villis
635 2794 817 2848 oneraverat
833 2804 948 2856 armos3

200 2868 269 2951 Quo
287 2889 320 2932 se
338 2868 414 2931 lnlta
429 2866 509 2932 iubis
525 2868 688 2931 iactantius
704 2868 756 2932 illa
774 2869 880 2935 ferinis

199 2951 331 3015 inferret
347 2952 461 3015 tumido
478 2953 654 3034 despectans
672 2953 793 3036 agmina
810 2954 902 3017 fastu.

198 3035 354 3100 Turritum
372 3035 460 3099 tortis
478 3047 567 3120 caput
582 3039 787 3101 accumularat
803 3037 834 3102 in
852 3039 943 3101 altum

199 3120 358 3197 Crimina,
383 3131 540 3185 extructos
558 3133 685 3205 augeret
700 3133 735 3187 ut
752 3122 850 3186 addita
868 3123 966 3186 cirros

115 3222 163 3275 185
199 3204 368 3290 Congeries
386 3207 555 3289 celsumque
573 3207 686 3292 apicem
704 3209 790 3272 lrons
808 3207 901 3271 ardua
919 3211 1025 3271 ferret.

200 3290 354 3354 Carbasea
370 3311 413 3355 eu
430 3292 561 3355 humeris
578 3313 694 3355 summo
712 3293 848 3356 conlecta
865 3292 965 3355 coibat

197 3373 283 3438 Palla
301 3375 369 3438 sinu
387 3386 512 3439 teretem
530 3387 655 3441 nectens
672 3398 691 3440 a
708 3388 829 3460 pectore
847 3379 968 3441 nedum.

198 3459 230 3522 A
248 3459 365 3523 cervice
383 3460 478 3523 lluens
497 3461 580 3524 tenui
596 3461 745 3526 velamine
762 3461 871 3526 limbus

200 3541 339 3628 Concipit
356 3544 483 3609 infestas
501 3546 593 3609 textis
611 3545 801 3630 turgentibus
820 3566 921 3611 auras.

149 3680 208 3732 165.
219 3681 334 3746 fimare]
357 3680 451 3734 onum
468 3683 528 3733 Put.
547 3680 610 3733 Ald.
626 3682 719 3734 Heius.
737 3681 798 3744 Aa,
822 3683 928 3734 vulnero
947 3680 1003 3733 Gis.
1022 3680 1116 3734 Wcitz.
1142 3680 1196 3734 Call

116 3746 175 3800 170.
190 3765 258 3815 quac
266 3749 408 3812 would„
414 3752 504 3817 partis
513 3754 539 3800 ct
547 3751 616 3802 coni.
627 3750 684 3803 Gis.
701 3779 735 3791 -
754 3751 813 3807 1⁷2.
827 3752 877 3802 tttc
885 3753 907 3800 B
916 3751 1022 3812 Waltz„
1031 3750 1197 3814 glodumllb

113 3815 177 3869 cett.
188 3816 291 3869 -177.
311 3822 349 3880 ct]
361 3817 716 3881 Tant.lleins.,oamcet.
733 3848 768 3859 -
786 3819 846 3871 180.
865 3819 1020 3869 ornumPic.
1032 3819 1088 3869 Gis.
1107 3844 1143 3857 -
1164 3819 1197 3871 18

114 3883 174 3936 toa.
189 3883 277 3937 cml
292 3915 321 3924 -
338 3887 396 3938 189.
407 3887 512 3951 fuscat]
524 3885 655 3952 RTcdgba
669 3888 730 3939 Put.
740 3885 802 3940 nto.
817 3887 891 3949 [sim.
900 3901 973 3938 marc
982 3886 1122 3953 irpscstrca,
1136 3886 1157 3938 1.
1167 3900 1194 3939 a.

113 3952 207 4016 gadum
215 3952 269 4005 Cic.
279 3952 313 4005 ad
320 3954 376 4006 Att.
385 3954 432 4018 ut,
442 3955 515 4018 224,
526 3956 622 4021 tegent.
633 3961 683 4009 cet.
692 3984 726 3995 -

146 4068 308 4124 178...3oo.
322 4069 464 4137 Superbiae
473 4072 667 4126 etllumllitatls
703 4073 790 4125 udum
799 4073 919 4135 vermem,
929 4088 998 4124 nunc
1011 4074 1197 4125 incerniccmr

111 4139 667 4259 b'fflq'f'fifflffciime'iu'hmun-¹¹
700 4141 1190 4258 ucggcptnmmtltpgcniitiuaspn.

112 4207 669 4343 mauolttmtttttttti
701 4216 1197 4344 ttttttt‘tttttttttttttt

112 4343 178 4394 tiam
191 4342 436 4409 capillamentorum
447 4358 517 4396 nacta
533 4347 563 4396 r'n
578 4347 669 4409 gater-a·
701 4344 746 4399 nn’
755 4346 890 4400 Omatrici.
909 4347 986 4398 Rom.
997 4346 1073 4399 1771.
1084 4345 1111 4398 8.

110 4410 216 4462 modum
225 4408 304 4475 quast
314 4411 440 4489 vaginam
452 4414 549 4479 capitia
557 4418 586 4464 ct
592 4428 668 4481 φοι·-
