2744 4852
478 242 579 292 eontra
597 230 760 310 Symmaoh.
781 233 819 292 11.

163 394 206 458 Et
223 407 372 459 momenta
390 397 497 481 premit
513 398 652 482 pedihus,
671 419 865 482 quaeeunque
881 410 1024 485 putantur

164 480 275 564 Figere
293 480 476 566 proposita'm
493 483 587 546 natali
604 495 738 568 tempore
754 495 880 549 sortem.

159 564 232 654 *Hae
250 567 321 629 ades
339 587 426 630 omne
445 567 596 630 hominnm
614 589 725 652 genus,
744 568 801 632 huo
818 571 989 635 concurrite
1007 582 1038 634 et
1055 573 1160 654 urbes,

160 649 234 713 Lux
250 651 386 714 inmensa
403 662 506 730 vocat,
530 654 674 716 faetorem
693 654 809 717 noscite
825 665 970 720 restrum.
1017 699 1024 704 -
1169 677 1218 728 485
1279 651 1284 657 ⁴

162 734 275 800 Libera
293 746 376 798 seete
393 747 488 821 patet:
511 736 552 800 nil
569 748 640 800 sunt
657 738 776 817 fatalia,
794 739 844 802 vel
861 739 889 803 si

161 820 241 884 Sunt
257 820 372 904 aliqua,
393 822 527 905 opposito
544 833 712 887 vanescunt
728 823 820 886 inrita
838 822 970 890 Christo.

246 904 305 970 Sed
324 906 409 970 multi
426 909 541 970 duxere
558 907 607 970 dei
623 928 677 990 per
693 928 837 992 prospera
853 908 997 984 Romam,

162 989 247 1072 Quos
265 991 337 1053 colit
355 992 399 1053 oh
409 993 547 1055 meritum
564 993 682 1076 magnis
700 993 811 1056 donata
829 995 993 1078 triumphis.

160 1073 246 1159 Ergo
264 1096 336 1159 age,
357 1075 515 1156 bellatrix,
535 1097 612 1155 qnae
628 1078 676 1140 vis
694 1078 871 1154 subieeerit,
891 1081 961 1156 ede,

159 1158 312 1243 Europam
330 1159 516 1246 Libyamque
536 1161 601 1225 tibi:
619 1162 666 1225 die
683 1163 804 1243 nomina
823 1163 931 1228 divum.

159 1243 291 1328 luppiter
309 1256 342 1308 nt
359 1243 470 1308 Cretae
487 1246 666 1323 domineris,
684 1246 785 1311 Pallas
803 1258 835 1311 ut
853 1249 963 1331 Argis,

159 1327 308 1412 Cynthius
328 1341 359 1392 ut
375 1328 434 1393 Del
455 1330 514 1403 his,
531 1331 701 1396 tribuerunt
717 1332 816 1395 omine
834 1334 952 1397 dextro.

157 1412 217 1477 lsis
235 1412 398 1491 Nilicolas,
450 1416 551 1491 hodios
570 1414 722 1502 Cytherea
739 1416 876 1498 reliquit3

159 1497 312 1564 Venatrix
328 1498 479 1582 Ephesum
496 1501 601 1584 virgo,
620 1499 707 1565 Mars
724 1502 835 1564 dedidit
853 1501 997 1566 Hebrum.
1093 1504 1096 1509 ’

159 1582 305 1647 Destituit
320 1583 441 1647 Thebas
458 1582 615 1659 Bromius,
636 1586 786 1649 eoneessit
803 1596 834 1648 et
850 1586 915 1668 ipsa

157 1667 234 1731 inno
251 1689 323 1732 suos
340 1668 484 1752 Phrygiis
502 1670 619 1734 servire
636 1669 793 1752 nepotibus
810 1669 923 1750 Afros,
962 1729 970 1755 ⁸

156 1751 199 1816 Et
216 1774 305 1836 quam
322 1753 463 1817 subiectis
482 1754 630 1817 dominam
648 1755 704 1817 dea
722 1753 861 1836 gentibus
878 1776 963 1834 esse,

157 1837 267 1920 Siqua
285 1839 348 1901 iata
364 1838 481 1912 sinant,
500 1839 560 1902 iam
577 1849 641 1902 tum
658 1840 810 1922 tenditque
828 1842 984 1923 foretque,
1079 1908 1083 1915 ,

156 1922 250 1986 Iussit
266 1921 423 1986 Romuleis
440 1923 586 1987 addietum
603 1923 707 1987 virere
725 1924 832 1987 irenis.

155 2007 326 2071 Perfidiane
343 2008 428 2071 deum
447 2008 618 2091 indigenum
637 2008 772 2071 oeeidere
789 2019 835 2071 tot
856 2009 960 2084 urbes,

155 2091 388 2174 Distruetaeque
404 2093 505 2156 iaoent
520 2093 594 2176 ipsis
612 2093 804 2175 prodentibus
821 2097 914 2157 erae?

118 2256 123 2261 .
203 2173 211 2179 ’
241 2175 270 2241 0
290 2177 400 2260 pietas,
420 2198 438 2239 o
455 2187 562 2241 saneta
578 2178 666 2241 fides!
686 2178 823 2241 traduxit
839 2179 975 2242 alumnos

103 2262 116 2283 ·’
155 2260 304 2325 Maiestas
323 2261 412 2324 infida
433 2263 532 2337 looos,
553 2273 585 2324 et
601 2262 733 2326 ereditur
749 2262 817 2326 istis

154 2345 350 2419 Numinibus,
369 2347 418 2428 qui
438 2346 606 2430 transfugio
618 2367 764 2417 ,mernere
781 2347 917 2412 sacrarii

155 2432 206 2495 An
223 2431 319 2496 voluit
335 2451 460 2495 servare
477 2452 547 2497 suos
566 2432 735 2514 luctataque
754 2432 878 2494 multum

154 2514 287 2600 Relligio
304 2516 430 2579 infestas
448 2515 605 2598 temptavit
621 2516 732 2598 pellere
749 2527 877 2588 turmas,

153 2598 302 2663 Romanis
320 2600 425 2664 obnisa
444 2600 560 2684 globis?
576 2601 628 2664 sed
646 2601 755 2665 fortior
771 2602 853 2664 illam

155 2684 262 2751 Virtus
280 2686 409 2748 lnetifioo
427 2705 597 2769 eamporum
615 2685 647 2748 iu
666 2686 788 2768 pulvere
806 2684 908 2770 fregit.

154 2769 249 2833 immo
266 2770 308 2832 ita
321 2781 388 2847 est,
407 2770 498 2832 armis
517 2780 548 2831 et
563 2769 679 2833 viribus
696 2770 799 2852 indiga
815 2771 883 2833 veri

155 2853 246 2920 Vieta
263 2855 442 2940 superstitio
453 2866 501 2917 est
518 2863 548 2917 et
564 2853 684 2918 inanem
703 2855 799 2938 gloria
816 2854 904 2937 fugit.

154 2936 215 3005 Sed
235 2960 290 3003 nee
308 2939 431 3003 difficilis
450 2939 506 3002 fuit
523 2949 576 3002 aut
594 2939 667 3003 satis
686 2940 779 3003 ardua
797 2940 882 3021 genti

152 3023 254 3088 Notae
271 3025 309 3087 ad
326 3023 496 3108 procinetus
513 3023 641 3088 viatoria
659 3025 800 3108 frangere
817 3025 947 3104 inertes,

152 3107 526 3192 Molliaqneomuigeuum
545 3109 623 3171 colla
639 3108 790 3171 inclinare
803 3110 937 3172 deornm.
983 3158 994 3171 ,

151 3190 326 3281 Νιιηοιοιιω
345 3191 479 3256 Dictaeis
496 3193 606 3257 bellum
624 3189 847 3277 Corybantibus
864 3213 953 3276 asper
1162 3208 1211 3265 515

154 3276 299 3359 Samnitis
316 3276 497 3362 Marsusque
515 3277 575 3343 leri
591 3279 701 3341 sudore
719 3278 856 3362 gerebat:

96 3420 1210 3497 ade.ttingoreuwuuuoo.11.stch.·„Fig.Aeta-tuemuttodtd,attenta.

92 3501 170 3555 ι402.
180 3503 257 3566 agn'o
266 3500 292 3552 Δ
307 3529 342 3540 -
358 3501 420 3552 tat.
439 3499 526 3552 Venus
539 3500 611 3551 olma
623 3501 733 3566 reliquit
740 3499 803 3551 ald.
820 3525 856 3537 -—
874 3497 934 3550 5⁰1.
952 3497 1101 3564 indigebam
1114 3498 1211 3551 Cuuoh.

92 3569 170 3630 eins„
182 3568 229 3620 sed
239 3568 281 3619 vd.
290 3581 315 3618 r.
326 3568 387 3620 341.
396 3599 431 3609 -
441 3568 499 3620 505.
509 3571 568 3633 pat]
578 3567 628 3620 AR
637 3575 685 3620 eto.
697 3568 790 3619 Weitz.
800 3567 892 3618 Heius.
903 3564 961 3628 Aa,
972 3565 1211 3632 prodendum.—

92 3639 126 3691 ,0.
135 3638 178 3687 ita
186 3636 265 3687 idest
274 3637 344 3687 Gie:
355 3634 448 3687 varod
461 3664 495 3675 -·-
508 3634 979 3702 511.sugat·(ssi.:inaaiagl.fitgit)
990 3634 1012 3685 E
1028 3661 1057 3673 -
1074 3636 1134 3686 513.
1143 3634 1211 3687 Late

92 3720 138 3757 oe.
148 3705 207 3757 Bw
220 3705 289 3756 noo.
300 3705 334 3755 11.
344 3705 447 3765 Weitz„
458 3705 612 3770 proeiuotos
620 3703 658 3768 A,
672 3705 840 3769 procinctum
852 3703 892 3754 iit
905 3701 1001 3754 Caueb.
1016 3700 1081 3753 Cell.
1090 3700 1161 3752 Teol.
1176 3728 1211 3740 -

92 3775 125 3825 ,5.
137 3770 210 3825 dumo
218 3771 286 3836 Ale,
299 3770 463 3823 humanu.
472 3793 507 3807 -
515 3771 576 3824 510.
585 3771 690 3823 sudore
700 3771 808 3837 oleoque
817 3775 845 3823 et
851 3785 943 3837 gymn.
953 3773 1011 3820 arte
1021 3767 1109 3822 Unctis
1117 3766 1185 3819 Δ-

93 3922 160 3977 488.
177 3921 233 3975 Sed
239 3923 328 3986 multo]
347 3921 387 3975 Gi.
399 3922 546 3989 symmach.
556 3921 576 3974 1.
585 3922 620 3974 l.=
657 3921 728 3984 vidit,
739 3918 853 3972 tabulam
861 3917 975 3980 Pindari,
986 3915 1211 3983 qninodane-

92 3990 302 4054 teodttsdititae,
316 4007 385 4058 qaae
396 3995 514 4043 maxime
522 3992 624 4042 bomini
656 3991 726 4043 neris
736 3985 815 4040 titiam
823 3995 849 4040 et
857 3986 926 4040 Solis
935 3998 1058 4052 sponsum
1067 3991 1152 4048 vocnt,
1165 3984 1209 4039 rd.

92 4058 245 4112 madrarit.
263 4059 335 4112 Nom
347 4075 406 4111 eum
416 4063 488 4111 ratio
502 4062 585 4111 omrem
594 4060 623 4109 in
657 4058 817 4124 Olympvtt,
830 4056 872 4110 11.
882 4050 1211 4124 (Βοοο111.)παῖὸ”.1σρο-

93 4127 398 4191 armott,ond0roettm
406 4143 486 4195 quam
494 4130 622 4179 memoria
656 4127 729 4182 dirae
743 4121 851 4175 ’Aedium'
868 4141 896 4173 τε
913 4122 1031 4185 νύμφαν,
1045 4118 1154 4186 Ῥόδον,
1171 4120 1210 4175 ib.

92 4210 201 4247 omem.
215 4195 275 4246 edd.
291 4196 391 4262 symm.
405 4204 430 4248 et
443 4196 517 4259 odd]
540 4201 622 4261 atqua
655 4192 740 4244 schot.
749 4189 902 4242 loMenrsii
911 4188 943 4240 de
953 4188 1210 4242 bootoootmetntnm

92 4265 227 4315 mmmm
239 4279 328 4315 rorum
339 4264 513 4315 semmdmmm
526 4265 621 4328 aegui-
655 4256 1005 4326 (Amstel.tdtd.)inspieero
1014 4272 1067 4311 non
1075 4256 1209 4325 potuivd.

92 4333 344 4384 »emanantium
355 4362 390 4375 -
401 4333 462 4384 tta.
475 4330 560 4383 uuor.
570 4330 621 4395 Cp·
655 4327 820 4378 schleusner.
826 4325 898 4377 dexio.
904 4339 929 4377 s.
935 4326 1066 4380 a-ote.
1071 4330 1162 4394 prom]
1168 4324 1208 4377 Cd.

92 4405 167 4464 mo]
187 4399 354 4464 Sinedubio,
372 4400 472 4453 utCell.
487 4400 539 4450 iam
552 4397 619 4450 bene
653 4395 767 4460 1³.1,32.
782 4424 813 4435 -
833 4394 893 4447 tta.
902 4393 943 4449 Gi.
952 4393 1013 4447 800.
