2744 4852
163 255 224 321 180
571 254 640 313 Aur.
661 252 806 313 Prudentii
825 254 916 314 Clam.

244 422 279 488 Si
297 421 379 508 potui
396 420 532 487 manibus
551 419 707 486 Gallorum
725 384 831 485 excisa
848 421 951 485 levare

246 506 293 571 De
311 507 445 570 cinerum
462 505 601 588 squalore
619 516 721 591 caput,
737 507 882 569 redeunte
901 502 1027 569 Camillo

244 591 340 675 Signa
356 592 504 654 renidenti
523 592 642 654 fumans
658 591 687 653 si
704 592 804 654 fronte
821 591 937 674 recepi,

206 722 215 745 t
243 675 277 740 si
295 676 376 760 potbi
393 675 520 739 miseras
537 675 627 739 sertis
644 675 785 739 redimire
802 674 906 737 ruinas

158 778 208 835 725
243 760 286 824 Et
302 761 379 823 mele
397 761 559 844 pendentes
576 759 662 823 lauro
679 759 875 842 praecingere
893 760 1009 822 turrdst

243 844 312 927 Quo
330 856 360 908 te
377 844 537 928 suscipiam
556 845 685 927 gremio,
707 844 869 907 fortissime
887 843 1039 928 princeps,

244 929 329 1012 Quos
348 949 487 1014 spargam
505 928 611 1004 dores,
629 929 737 1011 quibus
755 928 910 991 insertabo
927 929 1049 992 coronis

242 1014 346 1087 Atria,
365 1034 441 1096 quae
460 1013 546 1076 iestis
563 1014 744 1097 suspendam,
757 1012 847 1097 pallia
864 1013 977 1096 portis,

243 1097 379 1161 inmunis
397 1097 473 1161 tanti
489 1097 576 1172 belli,
596 1118 632 1160 ac
650 1108 680 1160 te
697 1108 795 1161 stante
812 1096 869 1160 sub
886 1098 978 1160 armis

157 1201 208 1252 730
241 1181 354 1245 Libera
371 1192 402 1244 et
419 1192 582 1245 auretenus
599 1180 723 1245 Geticos
740 1192 867 1266 experta
884 1181 1047 1244 tumultus?

242 1265 360 1330 Scande
376 1265 583 1349 triumphalem
602 1286 740 1344 currum,
758 1266 920 1349 spoliisque
935 1266 1065 1351 receptis

242 1350 311 1413 Huc
329 1347 452 1414 Christo
470 1349 631 1413 eomitante
649 1351 732 1413 veni:
754 1351 822 1412 date
838 1351 960 1414 macule
976 1352 1093 1414 densam

244 1433 379 1518 Captivis
397 1435 555 1519 gregibus,
574 1434 708 1497 manicas
727 1435 864 1518 deponite
881 1435 973 1518 longo

242 1519 345 1583 Tritos
363 1518 488 1583 servitio
507 1529 633 1583 matrum
651 1519 851 1601 iuvenumque
868 1530 1022 1583 catervae.

157 1622 206 1674 735
242 1601 385 1667 Dediseat
401 1604 517 1668 servire
536 1623 633 1668 senex
648 1603 721 1667 laris
739 1605 813 1666 exul
829 1603 920 1680 aviti,

243 1687 349 1751 Discat
366 1689 449 1751 etad
468 1687 596 1772 patrium
614 1688 703 1752 limen
722 1688 876 1770 genetrice
893 1707 1019 1751 reversa

240 1770 409 1855 ingenuum
426 1791 460 1835 sc
478 1793 568 1835 nosse
585 1793 670 1855 puer,
690 1772 781 1834 timor
798 1772 894 1834 omnis
911 1772 1033 1835 abesto:

189 1902 194 1911 ·
240 1856 392 1933 Vicimus,
410 1856 547 1920 exultare
565 1856 646 1920 libet.
689 1855 768 1938 Quid
786 1856 846 1919 tale
863 1856 983 1940 repulso

241 1940 412 2005 Poenorum
429 1942 583 2024 quondam*
596 1943 670 2004 duce
687 1940 833 2024 contigit?
848 1940 899 2004 ille
917 1940 1026 2024 petitae

88 2102 94 2113 ,
156 2043 205 2097 740
239 2025 401 2109 Postquam
418 2026 588 2109 perculerat
603 2027 779 2089 tremefacta
797 2026 940 2109 repagula
956 2035 1077 2108 portae,

241 2108 365 2173 Baianis
383 2110 533 2172 resolutus
551 2110 636 2191 equis
654 2109 813 2172 durissima
831 2110 907 2173 luxu

239 2193 364 2257 Robora
382 2193 516 2256 destituit
533 2194 704 2275 ferrumque
720 2193 842 2256 libidine
860 2195 960 2276 fregit.

239 2278 283 2341 At
300 2289 404 2340 noster
421 2277 526 2341 Stilico
544 2297 726 2360 congressus
744 2277 899 2340 conminus
915 2280 981 2361 ipsa

239 2361 291 2426 Ex
309 2362 373 2426 acie
392 2363 505 2426 ferrata
521 2361 620 2426 mum
637 2363 710 2425 dere
726 2370 814 2445 terga
832 2362 943 2446 coegit.

154 2464 204 2519 ⁷45
239 2447 298 2510 Hic
317 2443 457 2511 Christus
474 2446 560 2510 nobis
577 2445 661 2510 Deus
674 2447 775 2509 ¹adluit
792 2457 822 2509 et
839 2466 905 2509 mea
922 2449 1036 2511 virtusc

239 2532 306 2596 lllic
323 2531 484 2611 lascivum,
505 2529 670 2615 Campania
687 2531 811 2610 fertilis,
832 2530 947 2594 bostem

240 2616 373 2680 Deliciae
391 2617 491 2680 vicere
509 2625 595 2678 tuae:
614 2636 675 2677 non
693 2614 825 2699 luppiter
841 2635 941 2678 acrem

237 2699 378 2764 Protexit
395 2699 536 2779 Fabium,
556 2700 607 2762 sed
624 2699 703 2762 iuvit
718 2719 845 2763 amoena
861 2699 1028 2780 Tarentus,

238 2785 324 2868 Quae
342 2786 421 2849 dedit
438 2784 597 2850 inlecebris
616 2784 758 2848 domitum
776 2785 924 2849 calcaret
945 2806 1082 2850 rannum.

153 2887 202 2939 750
274 2890 276 2894 ·
323 2870 380 2934 His
398 2892 455 2955 ego
473 2893 527 2956 pro
544 2871 659 2934 meritis
676 2891 753 2955 quae
770 2871 902 2954 praemia
920 2810 1010 2955 digna
1027 2873 1202 2957 rependam,

236 2954 309 3021 Nou
326 2955 432 3019 babeo.
477 2955 616 3018 Membra
633 2955 740 3018 statuis
759 2955 899 3039 effingere
916 2956 976 3019 vile
994 2966 1054 3019 est:
1115 3014 1122 3028 ,

237 3040 387 3124 Virtutem
406 3040 448 3102 nil
465 3040 525 3103 vile
543 3040 639 3103 decet:
658 3059 728 3101 uam
744 3039 821 3116 vile,
841 3042 918 3123 quod
937 3052 1021 3105 aetas

235 3122 350 3209 Eripit:
370 3143 442 3187 aera
459 3125 569 3186 cadunt
585 3133 638 3187 eut
655 3125 768 3187 fulvum
786 3125 888 3187 defluit
905 3146 1027 3200 aurum,

236 3210 301 3273 Aut
319 3209 431 3272 candor
448 3209 524 3292 perit
542 3209 675 3293 argenti,
696 3209 723 3271 si
740 3210 834 3273 deluit
851 3230 939 3288 usuS‚

151 3305 200 3360 ⁷55
235 3291 278 3355 Et
294 3293 410 3356 fuscata
428 3294 487 3355 situ
506 3295 674 3378 conrumpit
690 3315 769 3361 veoa
787 3295 930 3359 colorem.

235 3376 315 3441 Viva
333 3375 399 3451 tibi,
418 3377 571 3461 princeps,
591 3378 715 3442 debetur
733 3377 842 3462 gloria,
860 3379 962 3443 vivum

235 3461 366 3525 Virtutis
384 3462 525 3546 pretium,
546 3463 635 3526 decus
654 3463 813 3539 inmortale
830 3474 944 3526 secuto.

233 3545 392 3627 Regnator
409 3548 511 3609 mundi
529 3545 651 3610 Christo
670 3548 824 3613 sociabere
841 3548 873 3611 iu
890 3569 1012 3626 aevum,

234 3628 302 3715 Quo
321 3630 444 3693 ductore
462 3653 559 3695 nucum
578 3632 673 3696 trabis
691 3634 729 3696 ad
747 3633 888 3697 caelestia
906 3654 1044 3717 regnum.

149 3732 199 3785 tto
318 3712 371 3780 Nil
388 3725 417 3779 te
436 3727 608 3797 permoveat
624 3717 726 3800 magni
743 3739 807 3780 vox
823 3718 969 3796 rhetoris,
988 3739 1059 3794 oro,

233 3799 294 3882 Qui
311 3799 366 3864 sub
384 3801 476 3885 legati
492 3801 590 3884 specie
608 3821 696 3863 sacra
712 3812 830 3865 mortua
848 3803 984 3886 plorans,

232 3883 351 3971 Ingenii
367 3886 436 3949 telis
454 3899 484 3952 et
501 3885 584 3949 fandi
600 3885 716 3950 viribus
735 3887 838 3963 audet,

181 4022 241 4076 ⁷23.
250 4021 445 4074 renitentibld.
468 4048 496 4057 —
515 4022 575 4076 tet.
585 4020 713 4073 miseroE
730 4052 765 4062 -
782 4020 842 4076 725.
857 4021 966 4073 louru'l'
980 4052 1015 4062 —
1034 4020 1094 4074 730.
1105 4026 1183 4087 aure]
1195 4021 1289 4077 ΔΑΜ.

146 4088 240 4139 Weitz.
250 4095 311 4153 ete„
321 4092 388 4158 Alpe
395 4090 476 4142 ltuw
486 4089 542 4139 Gis.
554 4088 705 4150 [Claud.Vl.
716 4102 787 4140 cons.
798 4090 948 4152 flooldi]
958 4091 1084 4142 tumultus
1092 4088 1171 4142 Aa-
1179 4090 1243 4147 ⁷31.
1251 4108 1290 4145 re·

110 4155 666 4276 metamaucum
676 4157 1291 4280 tte‘uttrtbttttsatr'tt

93 4266 102 4283 ‘
146 4288 209 4343 auu.
220 4240 649 4343 uere-’rcabbamm-rsa.
659 4261 796 4345 iactet.
806 4261 1186 4349 11.-r'sr.'aa1m1iwem.
1199 4244 1243 4337 2²³

180 4408 240 4461 748.
251 4405 290 4460 Cl.
300 4405 366 4458 utor.
377 4408 424 4470 ll.,
437 4409 462 4458 b.
