<?xml version="1.0" encoding="UTF-8"?>
<!DOCTYPE html PUBLIC "-//W3C//DTD XHTML 1.0 Transitional//EN"
    "http://www.w3.org/TR/xhtml1/DTD/xhtml1-transitional.dtd">
<html xmlns="http://www.w3.org/1999/xhtml" xml:lang="en" lang="en">
 <head>
  <title>
</title>
<meta http-equiv="Content-Type" content="text/html;charset=utf-8" />
  <meta name='ocr-system' content='tesseract 3.04.00' />
  <meta name='ocr-capabilities' content='ocr_page ocr_carea ocr_par ocr_line ocrx_word'/>
</head>
<body>
  <div class='ocr_page' id='page_1' title='image "./carmina00obbagoog_0148.png"; bbox 0 0 2744 4852; ppageno 0'>
   <div class='ocr_carea' id='block_1_1' title="bbox 472 212 724 293">
    <p class='ocr_par' dir='ltr' id='par_1_1' title="bbox 472 212 724 293">
     <span class='ocr_line' id='line_1_1' title="bbox 472 212 724 293; baseline 0.012 -22"><span class='ocrx_word' id='word_1_1' title='bbox 472 212 724 293; x_wconf 64' lang='lat' dir='ltr'>..monogena</span> 
     </span>
    </p>
   </div>
   <div class='ocr_carea' id='block_1_2' title="bbox 72 379 1182 4109">
    <p class='ocr_par' dir='ltr' id='par_1_2' title="bbox 120 379 1063 1901">
     <span class='ocr_line' id='line_1_2' title="bbox 123 379 1011 464; baseline 0.006 -22"><span class='ocrx_word' id='word_1_2' title='bbox 123 379 188 442; x_wconf 81' lang='lat' dir='ltr'>Aut</span> <span class='ocrx_word' id='word_1_3' title='bbox 205 397 281 460; x_wconf 89' lang='lat' dir='ltr'>qnae</span> <span class='ocrx_word' id='word_1_4' title='bbox 299 379 358 441; x_wconf 89' lang='lat' dir='ltr'>iam</span> <span class='ocrx_word' id='word_1_5' title='bbox 376 379 434 443; x_wconf 89' lang='lat' dir='ltr'>dno</span> <span class='ocrx_word' id='word_1_6' title='bbox 452 384 539 461; x_wconf 83' lang='lat' dir='ltr'>sunt,</span> <span class='ocrx_word' id='word_1_7' title='bbox 558 381 734 445; x_wconf 84' lang='lat' dir='ltr'>minuuntur</span> <span class='ocrx_word' id='word_1_8' title='bbox 750 380 868 464; x_wconf 76' lang='lat' dir='ltr'>dispare</span> <span class='ocrx_word' id='word_1_9' title='bbox 884 402 1011 447; x_wconf 87' lang='lat' dir='ltr'>summo.</span> 
     </span>
     <span class='ocr_line' id='line_1_3' title="bbox 121 462 1025 549; baseline 0.006 -24"><span class='ocrx_word' id='word_1_10' title='bbox 121 462 221 526; x_wconf 88' lang='lat' dir='ltr'>Porro</span> <span class='ocrx_word' id='word_1_11' title='bbox 239 463 313 526; x_wconf 84' lang='lat' dir='ltr'>nihil</span> <span class='ocrx_word' id='word_1_12' title='bbox 330 485 493 544; x_wconf 87' lang='lat' dir='ltr'>summum,</span> <span class='ocrx_word' id='word_1_13' title='bbox 513 466 571 529; x_wconf 86' lang='lat' dir='ltr'>uisi</span> <span class='ocrx_word' id='word_1_14' title='bbox 588 467 685 549; x_wconf 88' lang='lat' dir='ltr'>plenis</span> <span class='ocrx_word' id='word_1_15' title='bbox 701 466 817 543; x_wconf 79' lang='lat' dir='ltr'>virilius</span> <span class='ocrx_word' id='word_1_16' title='bbox 834 487 940 530; x_wconf 90' lang='lat' dir='ltr'>unum:</span> <span class='ocrx_word' id='word_1_17' title='bbox 1019 470 1025 481; x_wconf 84' lang='lat'><strong><em>‘</em></strong></span> 
     </span>
     <span class='ocr_line' id='line_1_4' title="bbox 121 547 990 634; baseline 0.005 -23"><span class='ocrx_word' id='word_1_18' title='bbox 121 547 280 611; x_wconf 83' lang='lat' dir='ltr'>Distentas</span> <span class='ocrx_word' id='word_1_19' title='bbox 298 549 453 630; x_wconf 90' lang='lat' dir='ltr'>quoniam,</span> <span class='ocrx_word' id='word_1_20' title='bbox 471 551 623 633; x_wconf 86' lang='lat' dir='ltr'>proprium</span> <span class='ocrx_word' id='word_1_21' title='bbox 641 552 709 613; x_wconf 91' lang='lat' dir='ltr'>dum</span> <span class='ocrx_word' id='word_1_22' title='bbox 726 551 852 634; x_wconf 89' lang='lat' dir='ltr'>quisque</span> <span class='ocrx_word' id='word_1_23' title='bbox 868 552 990 623; x_wconf 69' lang='lat' dir='ltr'>mrulso</span> 
     </span>
     <span class='ocr_line' id='line_1_5' title="bbox 125 631 987 719; baseline 0.005 -23"><span class='ocrx_word' id='word_1_24' title='bbox 125 631 267 697; x_wconf 79' lang='lat' dir='ltr'>Vindicat</span> <span class='ocrx_word' id='word_1_25' title='bbox 283 633 414 716; x_wconf 86' lang='lat' dir='ltr'>inperio,</span> <span class='ocrx_word' id='word_1_26' title='bbox 436 654 492 696; x_wconf 88' lang='lat' dir='ltr'>nec</span> <span class='ocrx_word' id='word_1_27' title='bbox 508 655 639 712; x_wconf 86' lang='lat' dir='ltr'>summa,</span> <span class='ocrx_word' id='word_1_28' title='bbox 660 655 715 698; x_wconf 87' lang='lat' dir='ltr'>nee</span> <span class='ocrx_word' id='word_1_29' title='bbox 733 637 833 709; x_wconf 81' lang='lat' dir='ltr'>omnin</span> <span class='ocrx_word' id='word_1_30' title='bbox 851 647 987 719; x_wconf 86' lang='lat' dir='ltr'>possunt.</span> 
     </span>
     <span class='ocr_line' id='line_1_6' title="bbox 120 717 984 802; baseline 0.005 -23"><span class='ocrx_word' id='word_1_31' title='bbox 120 717 175 780; x_wconf 90' lang='lat' dir='ltr'>lus</span> <span class='ocrx_word' id='word_1_32' title='bbox 191 718 309 781; x_wconf 86' lang='lat' dir='ltr'>varium</span> <span class='ocrx_word' id='word_1_33' title='bbox 329 739 388 779; x_wconf 93' lang='lat' dir='ltr'>non</span> <span class='ocrx_word' id='word_1_34' title='bbox 407 728 455 780; x_wconf 89' lang='lat' dir='ltr'>est</span> <span class='ocrx_word' id='word_1_35' title='bbox 471 719 603 801; x_wconf 88' lang='lat' dir='ltr'>plenum,</span> <span class='ocrx_word' id='word_1_36' title='bbox 621 719 768 802; x_wconf 87' lang='lat' dir='ltr'>quianon</span> <span class='ocrx_word' id='word_1_37' title='bbox 788 721 876 783; x_wconf 87' lang='lat' dir='ltr'>habet</span> <span class='ocrx_word' id='word_1_38' title='bbox 893 721 984 795; x_wconf 83' lang='lat' dir='ltr'>alter,</span> 
     </span>
     <span class='ocr_line' id='line_1_7' title="bbox 122 801 967 888; baseline 0.006 -25"><span class='ocrx_word' id='word_1_39' title='bbox 122 801 273 884; x_wconf 79' lang='lat' dir='ltr'>Quidquid</span> <span class='ocrx_word' id='word_1_40' title='bbox 292 803 393 884; x_wconf 81' lang='lat' dir='ltr'>dispar</span> <span class='ocrx_word' id='word_1_41' title='bbox 410 802 512 865; x_wconf 83' lang='lat' dir='ltr'>habet:</span> <span class='ocrx_word' id='word_1_42' title='bbox 531 803 682 867; x_wconf 89' lang='lat' dir='ltr'>cumulum</span> <span class='ocrx_word' id='word_1_43' title='bbox 699 804 842 869; x_wconf 76' lang='lat' dir='ltr'>discretio</span> <span class='ocrx_word' id='word_1_44' title='bbox 859 805 967 888; x_wconf 84' lang='lat' dir='ltr'>carpit.</span> 
     </span>
     <span class='ocr_line' id='line_1_8' title="bbox 120 885 962 970; baseline 0.004 -21"><span class='ocrx_word' id='word_1_45' title='bbox 120 885 188 950; x_wconf 87' lang='lat' dir='ltr'>Nos</span> <span class='ocrx_word' id='word_1_46' title='bbox 207 887 325 970; x_wconf 90' lang='lat' dir='ltr'>plenum</span> <span class='ocrx_word' id='word_1_47' title='bbox 344 887 409 949; x_wconf 91' lang='lat' dir='ltr'>sine</span> <span class='ocrx_word' id='word_1_48' title='bbox 426 897 511 970; x_wconf 83' lang='lat' dir='ltr'>parte</span> <span class='ocrx_word' id='word_1_49' title='bbox 527 886 626 952; x_wconf 88' lang='lat' dir='ltr'>Deum</span> <span class='ocrx_word' id='word_1_50' title='bbox 642 899 791 952; x_wconf 77' lang='lat' dir='ltr'><strong>testamur</strong></span> <span class='ocrx_word' id='word_1_51' title='bbox 807 899 839 952; x_wconf 85' lang='lat' dir='ltr'>ct</span> <span class='ocrx_word' id='word_1_52' title='bbox 854 910 962 964; x_wconf 83' lang='lat' dir='ltr'>unum,</span> 
     </span>
     <span class='ocr_line' id='line_1_9' title="bbox 123 969 1021 1056; baseline 0.006 -24"><span class='ocrx_word' id='word_1_53' title='bbox 123 969 161 1033; x_wconf 93' lang='lat' dir='ltr'>ln</span> <span class='ocrx_word' id='word_1_54' title='bbox 179 993 237 1053; x_wconf 92' lang='lat' dir='ltr'>quo</span> <span class='ocrx_word' id='word_1_55' title='bbox 256 969 396 1035; x_wconf 88' lang='lat' dir='ltr'>Christus</span> <span class='ocrx_word' id='word_1_56' title='bbox 414 971 507 1036; x_wconf 89' lang='lat' dir='ltr'>inest:</span> <span class='ocrx_word' id='word_1_57' title='bbox 525 973 602 1036; x_wconf 93' lang='lat' dir='ltr'>idem</span> <span class='ocrx_word' id='word_1_58' title='bbox 621 993 738 1056; x_wconf 88' lang='lat' dir='ltr'>quoque</span> <span class='ocrx_word' id='word_1_59' title='bbox 755 974 862 1056; x_wconf 86' lang='lat' dir='ltr'>plenus</span> <span class='ocrx_word' id='word_1_60' title='bbox 879 984 910 1036; x_wconf 90' lang='lat' dir='ltr'>et</span> <span class='ocrx_word' id='word_1_61' title='bbox 927 994 1021 1053; x_wconf 90' lang='lat' dir='ltr'>unus,</span> 
     </span>
     <span class='ocr_line' id='line_1_10' title="bbox 123 1055 949 1141; baseline 0.001 -22"><span class='ocrx_word' id='word_1_62' title='bbox 123 1055 184 1137; x_wconf 80' lang='lat' dir='ltr'>Qui</span> <span class='ocrx_word' id='word_1_63' title='bbox 202 1057 287 1138; x_wconf 84' lang='lat' dir='ltr'>viget</span> <span class='ocrx_word' id='word_1_64' title='bbox 304 1067 335 1120; x_wconf 83' lang='lat' dir='ltr'>et</span> <span class='ocrx_word' id='word_1_65' title='bbox 352 1057 449 1139; x_wconf 84' lang='lat' dir='ltr'>viguit</span> <span class='ocrx_word' id='word_1_66' title='bbox 466 1077 556 1139; x_wconf 87' lang='lat' dir='ltr'>super</span> <span class='ocrx_word' id='word_1_67' title='bbox 573 1058 689 1136; x_wconf 85' lang='lat' dir='ltr'>omnia,</span> <span class='ocrx_word' id='word_1_68' title='bbox 709 1059 817 1141; x_wconf 90' lang='lat' dir='ltr'>quique</span> <span class='ocrx_word' id='word_1_69' title='bbox 834 1057 949 1140; x_wconf 84' lang='lat' dir='ltr'>vigebit</span> 
     </span>
     <span class='ocr_line' id='line_1_11' title="bbox 122 1140 847 1227; baseline 0.001 -25"><span class='ocrx_word' id='word_1_70' title='bbox 122 1140 304 1225; x_wconf 90' lang='lat' dir='ltr'>Participem</span> <span class='ocrx_word' id='word_1_71' title='bbox 322 1141 434 1203; x_wconf 89' lang='lat' dir='ltr'>nullum</span> <span class='ocrx_word' id='word_1_72' title='bbox 452 1142 572 1204; x_wconf 86' lang='lat' dir='ltr'>conlato</span> <span class='ocrx_word' id='word_1_73' title='bbox 590 1142 711 1221; x_wconf 83' lang='lat' dir='ltr'>loedere</span> <span class='ocrx_word' id='word_1_74' title='bbox 729 1162 847 1227; x_wconf 87' lang='lat' dir='ltr'>passus.</span> 
     </span>
     <span class='ocr_line' id='line_1_12' title="bbox 123 1223 965 1311; baseline 0.001 -22"><span class='ocrx_word' id='word_1_75' title='bbox 123 1223 245 1289; x_wconf 84' lang='lat' dir='ltr'>Summa</span> <span class='ocrx_word' id='word_1_76' title='bbox 264 1236 461 1310; x_wconf 84' lang='lat' dir='ltr'>potestatum,</span> <span class='ocrx_word' id='word_1_77' title='bbox 480 1227 609 1311; x_wconf 81' lang='lat' dir='ltr'>simplex</span> <span class='ocrx_word' id='word_1_78' title='bbox 625 1227 788 1290; x_wconf 72' lang='lat' dir='ltr'>dominatio</span> <span class='ocrx_word' id='word_1_79' title='bbox 806 1246 923 1306; x_wconf 88' lang='lat' dir='ltr'>rernm,</span> <span class='ocrx_word' id='word_1_80' title='bbox 961 1272 965 1277; x_wconf 93' lang='lat'>-</span> 
     </span>
     <span class='ocr_line' id='line_1_13' title="bbox 122 1309 873 1394; baseline 0 -20"><span class='ocrx_word' id='word_1_81' title='bbox 122 1309 276 1374; x_wconf 77' lang='lat' dir='ltr'>Virtutum</span> <span class='ocrx_word' id='word_1_82' title='bbox 296 1310 420 1375; x_wconf 89' lang='lat' dir='ltr'>sublime</span> <span class='ocrx_word' id='word_1_83' title='bbox 439 1310 543 1394; x_wconf 73' lang='lat' dir='ltr'>eaput,</span> <span class='ocrx_word' id='word_1_84' title='bbox 562 1312 631 1375; x_wconf 89' lang='lat' dir='ltr'>lons</span> <span class='ocrx_word' id='word_1_85' title='bbox 644 1313 755 1374; x_wconf 89' lang='lat' dir='ltr'>unicus</span> <span class='ocrx_word' id='word_1_86' title='bbox 774 1312 873 1388; x_wconf 87' lang='lat' dir='ltr'>orbis,</span> 
     </span>
     <span class='ocr_line' id='line_1_14' title="bbox 121 1394 900 1481; baseline -0.001 -23"><span class='ocrx_word' id='word_1_87' title='bbox 121 1394 280 1458; x_wconf 86' lang='lat' dir='ltr'>Naturalis</span> <span class='ocrx_word' id='word_1_88' title='bbox 297 1416 375 1479; x_wconf 82' lang='lat' dir='ltr'>apex</span> <span class='ocrx_word' id='word_1_89' title='bbox 394 1395 572 1478; x_wconf 83' lang='lat' dir='ltr'>generisque</span> <span class='ocrx_word' id='word_1_90' title='bbox 589 1407 621 1458; x_wconf 92' lang='lat' dir='ltr'>et</span> <span class='ocrx_word' id='word_1_91' title='bbox 637 1396 765 1481; x_wconf 78' lang='lat' dir='ltr'>origipis</span> <span class='ocrx_word' id='word_1_92' title='bbox 781 1407 900 1459; x_wconf 83' lang='lat' dir='ltr'>auctor:</span> 
     </span>
     <span class='ocr_line' id='line_1_15' title="bbox 121 1479 964 1564; baseline 0.001 -22"><span class='ocrx_word' id='word_1_93' title='bbox 121 1479 176 1543; x_wconf 87' lang='lat' dir='ltr'>Ex</span> <span class='ocrx_word' id='word_1_94' title='bbox 192 1502 251 1562; x_wconf 91' lang='lat' dir='ltr'>quo</span> <span class='ocrx_word' id='word_1_95' title='bbox 269 1491 376 1544; x_wconf 85' lang='lat' dir='ltr'>cuncta</span> <span class='ocrx_word' id='word_1_96' title='bbox 393 1482 504 1557; x_wconf 87' lang='lat' dir='ltr'>fluunt,</span> <span class='ocrx_word' id='word_1_97' title='bbox 524 1492 556 1543; x_wconf 86' lang='lat' dir='ltr'>et</span> <span class='ocrx_word' id='word_1_98' title='bbox 572 1481 627 1543; x_wconf 83' lang='lat' dir='ltr'>lox</span> <span class='ocrx_word' id='word_1_99' title='bbox 643 1492 676 1544; x_wconf 90' lang='lat' dir='ltr'>et</span> <span class='ocrx_word' id='word_1_100' title='bbox 692 1491 825 1564; x_wconf 87' lang='lat' dir='ltr'>tempora</span> <span class='ocrx_word' id='word_1_101' title='bbox 843 1491 875 1543; x_wconf 92' lang='lat' dir='ltr'>et</span> <span class='ocrx_word' id='word_1_102' title='bbox 891 1481 964 1543; x_wconf 89' lang='lat' dir='ltr'>anni</span> 
     </span>
     <span class='ocr_line' id='line_1_16' title="bbox 122 1563 1039 1648; baseline -0.005 -21"><span class='ocrx_word' id='word_1_103' title='bbox 122 1563 164 1627; x_wconf 85' lang='lat' dir='ltr'>Et</span> <span class='ocrx_word' id='word_1_104' title='bbox 182 1586 337 1639; x_wconf 85' lang='lat' dir='ltr'>numerus,</span> <span class='ocrx_word' id='word_1_105' title='bbox 357 1566 407 1648; x_wconf 91' lang='lat' dir='ltr'>qui</span> <span class='ocrx_word' id='word_1_106' title='bbox 424 1577 491 1648; x_wconf 85' lang='lat' dir='ltr'>post</span> <span class='ocrx_word' id='word_1_107' title='bbox 507 1565 618 1647; x_wconf 89' lang='lat' dir='ltr'>aliquid</span> <span class='ocrx_word' id='word_1_108' title='bbox 636 1565 718 1629; x_wconf 84' lang='lat' dir='ltr'>dedit</span> <span class='ocrx_word' id='word_1_109' title='bbox 734 1585 801 1628; x_wconf 88' lang='lat' dir='ltr'>esse</span> <span class='ocrx_word' id='word_1_110' title='bbox 818 1566 994 1628; x_wconf 87' lang='lat' dir='ltr'>secundum:</span> <span class='ocrx_word' id='word_1_111' title='bbox 1035 1616 1039 1621; x_wconf 90' lang='lat'><em>.</em></span> 
     </span>
     <span class='ocr_line' id='line_1_17' title="bbox 122 1646 953 1734; baseline -0.001 -21"><span class='ocrx_word' id='word_1_112' title='bbox 122 1649 209 1713; x_wconf 88' lang='lat' dir='ltr'>Unus</span> <span class='ocrx_word' id='word_1_113' title='bbox 227 1650 304 1712; x_wconf 91' lang='lat' dir='ltr'>enim</span> <span class='ocrx_word' id='word_1_114' title='bbox 324 1650 461 1734; x_wconf 86' lang='lat' dir='ltr'>princeps</span> <span class='ocrx_word' id='word_1_115' title='bbox 479 1649 597 1712; x_wconf 88' lang='lat' dir='ltr'>numeri</span> <span class='ocrx_word' id='word_1_116' title='bbox 614 1660 676 1728; x_wconf 86' lang='lat' dir='ltr'>est,</span> <span class='ocrx_word' id='word_1_117' title='bbox 695 1669 751 1712; x_wconf 87' lang='lat' dir='ltr'>nec</span> <span class='ocrx_word' id='word_1_118' title='bbox 768 1646 953 1713; x_wconf 86' lang='lat' dir='ltr'>dinumerari</span> 
     </span>
     <span class='ocr_line' id='line_1_18' title="bbox 122 1732 1063 1818; baseline 0 -22"><span class='ocrx_word' id='word_1_119' title='bbox 122 1733 254 1797; x_wconf 85' lang='lat' dir='ltr'>Tantum</span> <span class='ocrx_word' id='word_1_120' title='bbox 271 1756 348 1797; x_wconf 91' lang='lat' dir='ltr'>unus</span> <span class='ocrx_word' id='word_1_121' title='bbox 367 1732 445 1818; x_wconf 87' lang='lat' dir='ltr'>potis</span> <span class='ocrx_word' id='word_1_122' title='bbox 462 1744 520 1798; x_wconf 86' lang='lat' dir='ltr'>est.</span> <span class='ocrx_word' id='word_1_123' title='bbox 565 1733 618 1798; x_wconf 86' lang='lat' dir='ltr'>Sic</span> <span class='ocrx_word' id='word_1_124' title='bbox 636 1756 702 1798; x_wconf 88' lang='lat' dir='ltr'>cum</span> <span class='ocrx_word' id='word_1_125' title='bbox 719 1732 866 1798; x_wconf 87' lang='lat' dir='ltr'>Paterae</span> <span class='ocrx_word' id='word_1_126' title='bbox 884 1733 968 1797; x_wconf 85' lang='lat' dir='ltr'>Deus</span> <span class='ocrx_word' id='word_1_127' title='bbox 985 1733 1063 1798; x_wconf 84' lang='lat' dir='ltr'>alter</span> 
     </span>
     <span class='ocr_line' id='line_1_19' title="bbox 122 1817 989 1901; baseline -0.005 -19"><span class='ocrx_word' id='word_1_128' title='bbox 122 1817 194 1882; x_wconf 91' lang='lat' dir='ltr'>Non</span> <span class='ocrx_word' id='word_1_129' title='bbox 212 1819 265 1893; x_wconf 88' lang='lat' dir='ltr'>sit,</span> <span class='ocrx_word' id='word_1_130' title='bbox 284 1820 355 1881; x_wconf 89' lang='lat' dir='ltr'>item</span> <span class='ocrx_word' id='word_1_131' title='bbox 374 1817 515 1882; x_wconf 86' lang='lat' dir='ltr'>Christus</span> <span class='ocrx_word' id='word_1_132' title='bbox 534 1840 593 1881; x_wconf 91' lang='lat' dir='ltr'>non</span> <span class='ocrx_word' id='word_1_133' title='bbox 612 1819 652 1881; x_wconf 90' lang='lat' dir='ltr'>sit</span> <span class='ocrx_word' id='word_1_134' title='bbox 670 1818 808 1901; x_wconf 82' lang='lat' dir='ltr'>genitore</span> <span class='ocrx_word' id='word_1_135' title='bbox 825 1819 989 1881; x_wconf 83' lang='lat' dir='ltr'>secundus:</span> 
     </span>
    </p>

    <p class='ocr_par' dir='ltr' id='par_1_3' title="bbox 72 1901 1182 3768">
     <span class='ocr_line' id='line_1_20' title="bbox 72 1901 919 1987; baseline 0 -22"><span class='ocrx_word' id='word_1_136' title='bbox 72 1980 75 1987; x_wconf 21' lang='grc' dir='ltr'>ι</span> <span class='ocrx_word' id='word_1_137' title='bbox 122 1902 269 1967; x_wconf 84' lang='lat' dir='ltr'>Anterior</span> <span class='ocrx_word' id='word_1_138' title='bbox 286 1924 411 1966; x_wconf 90' lang='lat' dir='ltr'>numero</span> <span class='ocrx_word' id='word_1_139' title='bbox 430 1913 491 1975; x_wconf 87' lang='lat' dir='ltr'>est,</span> <span class='ocrx_word' id='word_1_140' title='bbox 508 1903 557 1965; x_wconf 92' lang='lat' dir='ltr'>cni</span> <span class='ocrx_word' id='word_1_141' title='bbox 573 1903 652 1965; x_wconf 89' lang='lat' dir='ltr'>lilius</span> <span class='ocrx_word' id='word_1_142' title='bbox 669 1903 775 1965; x_wconf 91' lang='lat' dir='ltr'>unicus</span> <span class='ocrx_word' id='word_1_143' title='bbox 793 1901 847 1964; x_wconf 94' lang='lat' dir='ltr'>uni</span> <span class='ocrx_word' id='word_1_144' title='bbox 863 1912 919 1965; x_wconf 86' lang='lat' dir='ltr'>est.</span> 
     </span>
     <span class='ocr_line' id='line_1_21' title="bbox 122 1986 961 2070; baseline 0 -20"><span class='ocrx_word' id='word_1_145' title='bbox 122 1988 179 2051; x_wconf 93' lang='lat' dir='ltr'>llle</span> <span class='ocrx_word' id='word_1_146' title='bbox 194 1986 279 2053; x_wconf 87' lang='lat' dir='ltr'>Deus</span> <span class='ocrx_word' id='word_1_147' title='bbox 297 1989 464 2070; x_wconf 87' lang='lat' dir='ltr'>meritoque</span> <span class='ocrx_word' id='word_1_148' title='bbox 481 1986 582 2067; x_wconf 86' lang='lat' dir='ltr'>Dens,</span> <span class='ocrx_word' id='word_1_149' title='bbox 603 1987 672 2070; x_wconf 91' lang='lat' dir='ltr'>quia</span> <span class='ocrx_word' id='word_1_150' title='bbox 689 1988 802 2070; x_wconf 87' lang='lat' dir='ltr'>primus</span> <span class='ocrx_word' id='word_1_151' title='bbox 820 1996 852 2049; x_wconf 86' lang='lat' dir='ltr'>ct</span> <span class='ocrx_word' id='word_1_152' title='bbox 869 2007 961 2061; x_wconf 86' lang='lat' dir='ltr'>unns,</span> 
     </span>
     <span class='ocr_line' id='line_1_22' title="bbox 124 2071 861 2158; baseline -0.003 -23"><span class='ocrx_word' id='word_1_153' title='bbox 124 2072 161 2135; x_wconf 93' lang='lat' dir='ltr'>ln</span> <span class='ocrx_word' id='word_1_154' title='bbox 179 2073 291 2136; x_wconf 85' lang='lat' dir='ltr'>virtute</span> <span class='ocrx_word' id='word_1_155' title='bbox 308 2094 362 2136; x_wconf 93' lang='lat' dir='ltr'>sua</span> <span class='ocrx_word' id='word_1_156' title='bbox 380 2074 510 2158; x_wconf 85' lang='lat' dir='ltr'>primus,</span> <span class='ocrx_word' id='word_1_157' title='bbox 532 2082 593 2135; x_wconf 90' lang='lat' dir='ltr'>tum</span> <span class='ocrx_word' id='word_1_158' title='bbox 609 2073 722 2155; x_wconf 89' lang='lat' dir='ltr'>primus</span> <span class='ocrx_word' id='word_1_159' title='bbox 739 2072 771 2134; x_wconf 91' lang='lat' dir='ltr'>in</span> <span class='ocrx_word' id='word_1_160' title='bbox 788 2071 861 2133; x_wconf 91' lang='lat' dir='ltr'>illo·</span> 
     </span>
     <span class='ocr_line' id='line_1_23' title="bbox 123 2155 1017 2242; baseline -0.001 -21"><span class='ocrx_word' id='word_1_161' title='bbox 123 2156 219 2240; x_wconf 79' lang='lat' dir='ltr'>Quem</span> <span class='ocrx_word' id='word_1_162' title='bbox 239 2159 353 2241; x_wconf 85' lang='lat' dir='ltr'>gennit.</span> <span class='ocrx_word' id='word_1_163' title='bbox 385 2157 464 2240; x_wconf 80' lang='lat' dir='ltr'>Quid</span> <span class='ocrx_word' id='word_1_164' title='bbox 482 2157 561 2221; x_wconf 87' lang='lat' dir='ltr'>enim</span> <span class='ocrx_word' id='word_1_165' title='bbox 580 2157 680 2221; x_wconf 85' lang='lat' dir='ltr'>differt</span> <span class='ocrx_word' id='word_1_166' title='bbox 696 2159 852 2240; x_wconf 84' lang='lat' dir='ltr'>generatio</span> <span class='ocrx_word' id='word_1_167' title='bbox 869 2155 1017 2242; x_wconf 76' lang='lat' dir='ltr'>simplex?</span> 
     </span>
     <span class='ocr_line' id='line_1_24' title="bbox 122 2241 932 2327; baseline -0.006 -20"><span class='ocrx_word' id='word_1_168' title='bbox 122 2241 221 2307; x_wconf 91' lang='lat' dir='ltr'>Unum</span> <span class='ocrx_word' id='word_1_169' title='bbox 240 2264 358 2327; x_wconf 87' lang='lat' dir='ltr'>semper</span> <span class='ocrx_word' id='word_1_170' title='bbox 375 2244 434 2306; x_wconf 88' lang='lat' dir='ltr'>erit</span> <span class='ocrx_word' id='word_1_171' title='bbox 451 2243 580 2326; x_wconf 85' lang='lat' dir='ltr'>gignens</span> <span class='ocrx_word' id='word_1_172' title='bbox 598 2253 686 2325; x_wconf 88' lang='lat' dir='ltr'>atque</span> <span class='ocrx_word' id='word_1_173' title='bbox 703 2262 781 2304; x_wconf 88' lang='lat' dir='ltr'>unus</span> <span class='ocrx_word' id='word_1_174' title='bbox 799 2241 837 2303; x_wconf 82' lang='lat' dir='ltr'>ab</span> <span class='ocrx_word' id='word_1_175' title='bbox 855 2263 932 2320; x_wconf 90' lang='lat' dir='ltr'>uno,</span> 
     </span>
     <span class='ocr_line' id='line_1_25' title="bbox 122 2325 967 2410; baseline -0.005 -20"><span class='ocrx_word' id='word_1_176' title='bbox 122 2328 205 2391; x_wconf 81' lang='lat' dir='ltr'>Ante</span> <span class='ocrx_word' id='word_1_177' title='bbox 224 2325 325 2390; x_wconf 85' lang='lat' dir='ltr'>Chaos</span> <span class='ocrx_word' id='word_1_178' title='bbox 344 2329 462 2410; x_wconf 86' lang='lat' dir='ltr'>genitus</span> <span class='ocrx_word' id='word_1_179' title='bbox 481 2347 663 2408; x_wconf 87' lang='lat' dir='ltr'>numeroque</span> <span class='ocrx_word' id='word_1_180' title='bbox 681 2336 712 2390; x_wconf 90' lang='lat' dir='ltr'>et</span> <span class='ocrx_word' id='word_1_181' title='bbox 728 2337 862 2408; x_wconf 87' lang='lat' dir='ltr'>tempore</span> <span class='ocrx_word' id='word_1_182' title='bbox 880 2325 967 2390; x_wconf 87' lang='lat' dir='ltr'>liber.</span> 
     </span>
     <span class='ocr_line' id='line_1_26' title="bbox 123 2410 829 2494; baseline -0.003 -20"><span class='ocrx_word' id='word_1_183' title='bbox 123 2410 199 2494; x_wconf 78' lang='lat' dir='ltr'>Quis</span> <span class='ocrx_word' id='word_1_184' title='bbox 217 2413 332 2476; x_wconf 85' lang='lat' dir='ltr'>dixisse</span> <span class='ocrx_word' id='word_1_185' title='bbox 350 2413 423 2475; x_wconf 92' lang='lat' dir='ltr'>duos</span> <span class='ocrx_word' id='word_1_186' title='bbox 440 2433 504 2475; x_wconf 92' lang='lat' dir='ltr'>rem</span> <span class='ocrx_word' id='word_1_187' title='bbox 522 2411 678 2475; x_wconf 86' lang='lat' dir='ltr'>maiestate</span> <span class='ocrx_word' id='word_1_188' title='bbox 694 2410 751 2474; x_wconf 86' lang='lat' dir='ltr'>sub</span> <span class='ocrx_word' id='word_1_189' title='bbox 768 2431 829 2473; x_wconf 87' lang='lat' dir='ltr'>una</span> 
     </span>
     <span class='ocr_line' id='line_1_27' title="bbox 122 2496 951 2582; baseline -0.002 -23"><span class='ocrx_word' id='word_1_190' title='bbox 122 2496 313 2580; x_wconf 83' lang='lat' dir='ltr'>Regnantem</span> <span class='ocrx_word' id='word_1_191' title='bbox 331 2496 539 2582; x_wconf 87' lang='lat' dir='ltr'>propriamque</span> <span class='ocrx_word' id='word_1_192' title='bbox 557 2497 615 2559; x_wconf 93' lang='lat' dir='ltr'>sibi</span> <span class='ocrx_word' id='word_1_193' title='bbox 631 2506 772 2578; x_wconf 85' lang='lat' dir='ltr'>retroque</span> <span class='ocrx_word' id='word_1_194' title='bbox 790 2514 951 2579; x_wconf 89' lang='lat' dir='ltr'>perennem</span> 
     </span>
     <span class='ocr_line' id='line_1_28' title="bbox 123 2581 943 2647; baseline -0.004 -3"><span class='ocrx_word' id='word_1_195' title='bbox 123 2582 215 2645; x_wconf 87' lang='lat' dir='ltr'>Ausit</span> <span class='ocrx_word' id='word_1_196' title='bbox 232 2593 263 2644; x_wconf 88' lang='lat' dir='ltr'>et</span> <span class='ocrx_word' id='word_1_197' title='bbox 280 2583 369 2647; x_wconf 86' lang='lat' dir='ltr'>nnius</span> <span class='ocrx_word' id='word_1_198' title='bbox 387 2593 513 2646; x_wconf 88' lang='lat' dir='ltr'>naturae</span> <span class='ocrx_word' id='word_1_199' title='bbox 531 2582 668 2646; x_wconf 89' lang='lat' dir='ltr'>scindere</span> <span class='ocrx_word' id='word_1_200' title='bbox 684 2581 786 2645; x_wconf 77' lang='lat' dir='ltr'>vires?</span> <span class='ocrx_word' id='word_1_201' title='bbox 940 2634 943 2641; x_wconf 94' lang='lat'><em>.</em></span> 
     </span>
     <span class='ocr_line' id='line_1_29' title="bbox 122 2664 980 2752; baseline 0 -23"><span class='ocrx_word' id='word_1_202' title='bbox 122 2664 275 2749; x_wconf 87' lang='lat' dir='ltr'>Numquid</span> <span class='ocrx_word' id='word_1_203' title='bbox 293 2668 461 2752; x_wconf 86' lang='lat' dir='ltr'>adoptivum</span> <span class='ocrx_word' id='word_1_204' title='bbox 479 2668 599 2750; x_wconf 84' lang='lat' dir='ltr'>genitor</span> <span class='ocrx_word' id='word_1_205' title='bbox 616 2666 673 2730; x_wconf 86' lang='lat' dir='ltr'>sibi</span> <span class='ocrx_word' id='word_1_206' title='bbox 691 2666 832 2749; x_wconf 85' lang='lat' dir='ltr'>sumpsit,</span> <span class='ocrx_word' id='word_1_207' title='bbox 851 2676 886 2729; x_wconf 89' lang='lat' dir='ltr'>ut</span> <span class='ocrx_word' id='word_1_208' title='bbox 903 2665 980 2729; x_wconf 82' lang='lat' dir='ltr'>ulter</span> 
     </span>
     <span class='ocr_line' id='line_1_30' title="bbox 122 2750 883 2835; baseline -0.003 -21"><span class='ocrx_word' id='word_1_209' title='bbox 122 2750 254 2814; x_wconf 83' lang='lat' dir='ltr'>Externi</span> <span class='ocrx_word' id='word_1_210' title='bbox 274 2754 393 2834; x_wconf 86' lang='lat' dir='ltr'>generis</span> <span class='ocrx_word' id='word_1_211' title='bbox 411 2772 567 2814; x_wconf 87' lang='lat' dir='ltr'>nnmerum</span> <span class='ocrx_word' id='word_1_212' title='bbox 585 2760 740 2835; x_wconf 87' lang='lat' dir='ltr'>praestare</span> <span class='ocrx_word' id='word_1_213' title='bbox 759 2753 883 2813; x_wconf 90' lang='lat' dir='ltr'>duorum</span> 
     </span>
     <span class='ocr_line' id='line_1_31' title="bbox 122 2834 927 2920; baseline -0.002 -22"><span class='ocrx_word' id='word_1_214' title='bbox 122 2834 242 2899; x_wconf 86' lang='lat' dir='ltr'>Deheat</span> <span class='ocrx_word' id='word_1_215' title='bbox 258 2838 456 2920; x_wconf 14' lang='lat' dir='ltr'>etpgcminum</span> <span class='ocrx_word' id='word_1_216' title='bbox 474 2836 589 2900; x_wconf 86' lang='lat' dir='ltr'>distans</span> <span class='ocrx_word' id='word_1_217' title='bbox 606 2836 749 2898; x_wconf 90' lang='lat' dir='ltr'>inducere</span> <span class='ocrx_word' id='word_1_218' title='bbox 766 2837 896 2897; x_wconf 77' lang='lat' dir='ltr'>numen?</span> <span class='ocrx_word' id='word_1_219' title='bbox 923 2856 927 2861; x_wconf 78' lang='grc'><strong>’</strong></span> 
     </span>
     <span class='ocr_line' id='line_1_32' title="bbox 123 2919 858 2998; baseline -0.001 -15"><span class='ocrx_word' id='word_1_220' title='bbox 123 2919 235 2984; x_wconf 85' lang='lat' dir='ltr'>Forma</span> <span class='ocrx_word' id='word_1_221' title='bbox 252 2921 354 2984; x_wconf 89' lang='lat' dir='ltr'>Patris</span> <span class='ocrx_word' id='word_1_222' title='bbox 371 2922 438 2985; x_wconf 89' lang='lat' dir='ltr'>veri</span> <span class='ocrx_word' id='word_1_223' title='bbox 454 2942 546 2986; x_wconf 84' lang='lat' dir='ltr'>verus</span> <span class='ocrx_word' id='word_1_224' title='bbox 563 2931 626 2984; x_wconf 85' lang='lat' dir='ltr'>stat</span> <span class='ocrx_word' id='word_1_225' title='bbox 640 2919 753 2998; x_wconf 86' lang='lat' dir='ltr'>Filius,</span> <span class='ocrx_word' id='word_1_226' title='bbox 770 2941 807 2983; x_wconf 90' lang='lat' dir='ltr'>ac</span> <span class='ocrx_word' id='word_1_227' title='bbox 824 2938 858 2983; x_wconf 90' lang='lat' dir='ltr'>se</span> 
     </span>
     <span class='ocr_line' id='line_1_33' title="bbox 122 3003 949 3090; baseline -0.005 -21"><span class='ocrx_word' id='word_1_228' title='bbox 122 3003 224 3069; x_wconf 86' lang='lat' dir='ltr'>Unum</span> <span class='ocrx_word' id='word_1_229' title='bbox 242 3007 299 3070; x_wconf 88' lang='lat' dir='ltr'>rite</span> <span class='ocrx_word' id='word_1_230' title='bbox 317 3008 436 3090; x_wconf 89' lang='lat' dir='ltr'>prohat,</span> <span class='ocrx_word' id='word_1_231' title='bbox 455 3008 523 3069; x_wconf 89' lang='lat' dir='ltr'>dum</span> <span class='ocrx_word' id='word_1_232' title='bbox 541 3007 666 3069; x_wconf 89' lang='lat' dir='ltr'>formam</span> <span class='ocrx_word' id='word_1_233' title='bbox 685 3015 789 3069; x_wconf 84' lang='lat' dir='ltr'>servat</span> <span class='ocrx_word' id='word_1_234' title='bbox 805 3003 949 3067; x_wconf 84' lang='lat' dir='ltr'>eamdem.</span> 
     </span>
     <span class='ocr_line' id='line_1_34' title="bbox 122 3087 965 3172; baseline -0.006 -18"><span class='ocrx_word' id='word_1_235' title='bbox 122 3087 194 3153; x_wconf 87' lang='lat' dir='ltr'>Nou</span> <span class='ocrx_word' id='word_1_236' title='bbox 212 3111 298 3154; x_wconf 85' lang='lat' dir='ltr'>arnor</span> <span class='ocrx_word' id='word_1_237' title='bbox 313 3093 445 3154; x_wconf 88' lang='lat' dir='ltr'>adscitus</span> <span class='ocrx_word' id='word_1_238' title='bbox 464 3092 574 3165; x_wconf 81' lang='lat' dir='ltr'>sociat,</span> <span class='ocrx_word' id='word_1_239' title='bbox 593 3110 650 3152; x_wconf 89' lang='lat' dir='ltr'>nec</span> <span class='ocrx_word' id='word_1_240' title='bbox 666 3090 765 3172; x_wconf 86' lang='lat' dir='ltr'>iungit</span> <span class='ocrx_word' id='word_1_241' title='bbox 781 3099 942 3170; x_wconf 89' lang='lat' dir='ltr'>utrumque</span> <span class='ocrx_word' id='word_1_242' title='bbox 962 3098 965 3105; x_wconf 91' lang='lat'>&#39;</span> 
     </span>
     <span class='ocr_line' id='line_1_35' title="bbox 125 3170 854 3258; baseline -0.007 -19"><span class='ocrx_word' id='word_1_243' title='bbox 125 3170 291 3240; x_wconf 84' lang='lat' dir='ltr'>Coniurata</span> <span class='ocrx_word' id='word_1_244' title='bbox 309 3177 398 3250; x_wconf 84' lang='lat' dir='ltr'>fides,</span> <span class='ocrx_word' id='word_1_245' title='bbox 416 3176 513 3258; x_wconf 88' lang='lat' dir='ltr'>pictas</span> <span class='ocrx_word' id='word_1_246' title='bbox 530 3175 583 3237; x_wconf 87' lang='lat' dir='ltr'>sed</span> <span class='ocrx_word' id='word_1_247' title='bbox 600 3184 854 3256; x_wconf 60' lang='lat' dir='ltr'>mangenasque</span> 
     </span>
     <span class='ocr_line' id='line_1_36' title="bbox 122 3256 1030 3343; baseline -0.011 -18"><span class='ocrx_word' id='word_1_248' title='bbox 122 3256 237 3337; x_wconf 87' lang='lat' dir='ltr'>Unum,</span> <span class='ocrx_word' id='word_1_249' title='bbox 256 3261 333 3343; x_wconf 91' lang='lat' dir='ltr'>quod</span> <span class='ocrx_word' id='word_1_250' title='bbox 351 3257 436 3323; x_wconf 84' lang='lat' dir='ltr'>Deua</span> <span class='ocrx_word' id='word_1_251' title='bbox 454 3268 514 3337; x_wconf 89' lang='lat' dir='ltr'>est,</span> <span class='ocrx_word' id='word_1_252' title='bbox 533 3278 678 3322; x_wconf 85' lang='lat' dir='ltr'>summam</span> <span class='ocrx_word' id='word_1_253' title='bbox 696 3266 859 3321; x_wconf 81' lang='lat' dir='ltr'>revocatur</span> <span class='ocrx_word' id='word_1_254' title='bbox 875 3256 913 3319; x_wconf 89' lang='lat' dir='ltr'>ad</span> <span class='ocrx_word' id='word_1_255' title='bbox 930 3273 1030 3319; x_wconf 82' lang='lat' dir='ltr'>unam</span> 
     </span>
     <span class='ocr_line' id='line_1_37' title="bbox 123 3341 1034 3427; baseline -0.004 -20"><span class='ocrx_word' id='word_1_256' title='bbox 123 3343 209 3408; x_wconf 87' lang='lat' dir='ltr'>llaec</span> <span class='ocrx_word' id='word_1_257' title='bbox 227 3345 296 3419; x_wconf 83' lang='lat' dir='ltr'>tibi,</span> <span class='ocrx_word' id='word_1_258' title='bbox 315 3343 471 3422; x_wconf 88' lang='lat' dir='ltr'>Marcion,</span> <span class='ocrx_word' id='word_1_259' title='bbox 489 3343 540 3408; x_wconf 88' lang='lat' dir='ltr'>via</span> <span class='ocrx_word' id='word_1_260' title='bbox 556 3342 708 3427; x_wconf 89' lang='lat' dir='ltr'>displicet,</span> <span class='ocrx_word' id='word_1_261' title='bbox 728 3342 806 3405; x_wconf 89' lang='lat' dir='ltr'>hene</span> <span class='ocrx_word' id='word_1_262' title='bbox 822 3352 875 3405; x_wconf 88' lang='lat' dir='ltr'>tua</span> <span class='ocrx_word' id='word_1_263' title='bbox 891 3341 1034 3426; x_wconf 84' lang='lat' dir='ltr'>dampnat</span> 
     </span>
     <span class='ocr_line' id='line_1_38' title="bbox 123 3426 868 3513; baseline -0.004 -20"><span class='ocrx_word' id='word_1_264' title='bbox 123 3428 215 3493; x_wconf 85' lang='lat' dir='ltr'>Secta</span> <span class='ocrx_word' id='word_1_265' title='bbox 232 3431 319 3493; x_wconf 88' lang='lat' dir='ltr'>fidem</span> <span class='ocrx_word' id='word_1_266' title='bbox 337 3429 464 3493; x_wconf 87' lang='lat' dir='ltr'>dominis</span> <span class='ocrx_word' id='word_1_267' title='bbox 483 3429 598 3492; x_wconf 87' lang='lat' dir='ltr'>caelum</span> <span class='ocrx_word' id='word_1_268' title='bbox 614 3428 725 3513; x_wconf 84' lang='lat' dir='ltr'>partita</span> <span class='ocrx_word' id='word_1_269' title='bbox 742 3426 868 3491; x_wconf 85' lang='lat' dir='ltr'>duobus.</span> 
     </span>
     <span class='ocr_line' id='line_1_39' title="bbox 125 3509 1057 3597; baseline -0.005 -20"><span class='ocrx_word' id='word_1_270' title='bbox 125 3513 211 3597; x_wconf 80' lang='lat' dir='ltr'>Quae</span> <span class='ocrx_word' id='word_1_271' title='bbox 229 3526 259 3577; x_wconf 91' lang='lat' dir='ltr'>te</span> <span class='ocrx_word' id='word_1_272' title='bbox 278 3514 622 3597; x_wconf 78' lang='lat' dir='ltr'>confunduntnebnlae,</span> <span class='ocrx_word' id='word_1_273' title='bbox 642 3513 870 3595; x_wconf 85' lang='lat' dir='ltr'>qnis&#39;sompnus</span> <span class='ocrx_word' id='word_1_274' title='bbox 887 3509 978 3575; x_wconf 86' lang='lat' dir='ltr'>inerti</span> <span class='ocrx_word' id='word_1_275' title='bbox 1054 3589 1057 3596; x_wconf 19' lang='grc' dir='ltr'>ι</span> 
     </span>
     <span class='ocr_line' id='line_1_40' title="bbox 123 3596 909 3683; baseline -0.005 -22"><span class='ocrx_word' id='word_1_276' title='bbox 123 3596 252 3662; x_wconf 82' lang='lat' dir='ltr'>Incubet</span> <span class='ocrx_word' id='word_1_277' title='bbox 268 3599 406 3683; x_wconf 87' lang='lat' dir='ltr'>ingenio,</span> <span class='ocrx_word' id='word_1_278' title='bbox 427 3599 547 3683; x_wconf 80' lang='lat' dir='ltr'>culpor</span> <span class='ocrx_word' id='word_1_279' title='bbox 562 3598 771 3682; x_wconf 86' lang='lat' dir='ltr'>phantasmata</span> <span class='ocrx_word' id='word_1_280' title='bbox 788 3596 909 3680; x_wconf 90' lang='lat' dir='ltr'>duplex.</span> 
     </span>
     <span class='ocr_line' id='line_1_41' title="bbox 123 3680 1182 3768; baseline -0.005 -19"><span class='ocrx_word' id='word_1_281' title='bbox 123 3680 268 3749; x_wconf 82' lang='lat' dir='ltr'>Occurrit</span> <span class='ocrx_word' id='word_1_282' title='bbox 286 3684 400 3768; x_wconf 88' lang='lat' dir='ltr'>species</span> <span class='ocrx_word' id='word_1_283' title='bbox 417 3684 499 3748; x_wconf 82' lang='lat' dir='ltr'>bivio</span> <span class='ocrx_word' id='word_1_284' title='bbox 515 3683 651 3767; x_wconf 87' lang='lat' dir='ltr'>disperso</span> <span class='ocrx_word' id='word_1_285' title='bbox 669 3683 818 3766; x_wconf 72' lang='lat' dir='ltr'>superno?</span> <span class='ocrx_word' id='word_1_286' title='bbox 959 3724 962 3729; x_wconf 90' lang='lat'><em>-</em></span> <span class='ocrx_word' id='word_1_287' title='bbox 1100 3732 1105 3751; x_wconf 34' lang='grc' dir='ltr'>ὅ</span> <span class='ocrx_word' id='word_1_288' title='bbox 1149 3693 1182 3744; x_wconf 84' lang='lat' dir='ltr'>to</span> 
     </span>
    </p>

    <p class='ocr_par' dir='ltr' id='par_1_4' title="bbox 209 3760 1091 3850">
     <span class='ocr_line' id='line_1_42' title="bbox 209 3760 1091 3850; baseline -0.01 -17"><span class='ocrx_word' id='word_1_289' title='bbox 209 3768 243 3833; x_wconf 91' lang='lat' dir='ltr'>Si</span> <span class='ocrx_word' id='word_1_290' title='bbox 261 3769 321 3833; x_wconf 85' lang='lat' dir='ltr'>vim</span> <span class='ocrx_word' id='word_1_291' title='bbox 340 3769 448 3832; x_wconf 89' lang='lat' dir='ltr'>mentis</span> <span class='ocrx_word' id='word_1_292' title='bbox 465 3768 557 3831; x_wconf 82' lang='lat' dir='ltr'>hebes</span> <span class='ocrx_word' id='word_1_293' title='bbox 575 3777 681 3850; x_wconf 83' lang='lat' dir='ltr'>stupor</span> <span class='ocrx_word' id='word_1_294' title='bbox 697 3767 829 3831; x_wconf 74' lang='lat' dir='ltr'>obsidete</span> <span class='ocrx_word' id='word_1_295' title='bbox 848 3764 967 3849; x_wconf 80' lang='lat' dir='ltr'>adspice</span> <span class='ocrx_word' id='word_1_296' title='bbox 985 3760 1091 3825; x_wconf 88' lang='lat' dir='ltr'>saltem</span> 
     </span>
    </p>

    <p class='ocr_par' dir='ltr' id='par_1_5' title="bbox 121 3851 928 4109">
     <span class='ocr_line' id='line_1_43' title="bbox 123 3851 870 3939; baseline -0.004 -22"><span class='ocrx_word' id='word_1_297' title='bbox 123 3851 223 3918; x_wconf 83' lang='lat' dir='ltr'>Obvia</span> <span class='ocrx_word' id='word_1_298' title='bbox 241 3855 370 3917; x_wconf 86' lang='lat' dir='ltr'>terrenis</span> <span class='ocrx_word' id='word_1_299' title='bbox 389 3853 483 3917; x_wconf 90' lang='lat' dir='ltr'>oculis</span> <span class='ocrx_word' id='word_1_300' title='bbox 501 3852 662 3934; x_wconf 87' lang='lat' dir='ltr'>elementa,</span> <span class='ocrx_word' id='word_1_301' title='bbox 683 3852 790 3939; x_wconf 79' lang='lat' dir='ltr'>quipus</span> <span class='ocrx_word' id='word_1_302' title='bbox 807 3871 842 3915; x_wconf 89' lang='lat' dir='ltr'>se</span> <span class='ocrx_word' id='word_1_303' title='bbox 865 3920 870 3933; x_wconf 39' lang='lat'><strong><em>¹</em></strong></span> 
     </span>
     <span class='ocr_line' id='line_1_44' title="bbox 121 3934 876 4022; baseline -0.008 -19"><span class='ocrx_word' id='word_1_304' title='bbox 121 3936 188 4003; x_wconf 84' lang='lat' dir='ltr'>Res</span> <span class='ocrx_word' id='word_1_305' title='bbox 207 3939 323 4003; x_wconf 87' lang='lat' dir='ltr'>occulta</span> <span class='ocrx_word' id='word_1_306' title='bbox 339 3937 399 4003; x_wconf 89' lang='lat' dir='ltr'>Dei</span> <span class='ocrx_word' id='word_1_307' title='bbox 416 3939 539 4022; x_wconf 82' lang='lat' dir='ltr'>dignata</span> <span class='ocrx_word' id='word_1_308' title='bbox 556 3937 746 4022; x_wconf 63' lang='lat' dir='ltr'>estjpro&#39;ojer&#39;e</span> <span class='ocrx_word' id='word_1_309' title='bbox 763 3934 876 4019; x_wconf 59' lang='lat' dir='ltr'>signin,¹</span> 
     </span>
     <span class='ocr_line' id='line_1_45' title="bbox 122 4016 928 4109; baseline -0.007 -22"><span class='ocrx_word' id='word_1_310' title='bbox 122 4016 214 4089; x_wconf 78' lang='lat' dir='ltr'>lianc</span> <span class='ocrx_word' id='word_1_311' title='bbox 230 4024 352 4088; x_wconf 88' lang='lat' dir='ltr'>heresin</span> <span class='ocrx_word' id='word_1_312' title='bbox 369 4044 517 4109; x_wconf 83' lang='lat' dir='ltr'>praesaga</span> <span class='ocrx_word' id='word_1_313' title='bbox 532 4020 842 4107; x_wconf 22' lang='lat' dir='ltr'>Patris-praevideret</span> <span class='ocrx_word' id='word_1_314' title='bbox 857 4016 928 4085; x_wconf 87' lang='lat' dir='ltr'>olim</span> 
     </span>
    </p>
   </div>
   <div class='ocr_carea' id='block_1_3' title="bbox 67 4136 1184 4374">
    <p class='ocr_par' dir='ltr' id='par_1_6' title="bbox 67 4136 1184 4374">
     <span class='ocr_line' id='line_1_46' title="bbox 74 4136 1183 4244; baseline -0.01 -14"><span class='ocrx_word' id='word_1_315' title='bbox 74 4136 1183 4244; x_wconf 51' lang='lat' dir='ltr'>emm,quanmeumenum-czssmmwut.÷mlema</span> 
     </span>
     <span class='ocr_line' id='line_1_47' title="bbox 67 4236 1181 4314; baseline -0.008 -19"><span class='ocrx_word' id='word_1_316' title='bbox 67 4242 100 4297; x_wconf 87' lang='lat' dir='ltr'>ld.</span> <span class='ocrx_word' id='word_1_317' title='bbox 112 4272 143 4285; x_wconf 91' lang='lat'><em>-</em></span> <span class='ocrx_word' id='word_1_318' title='bbox 158 4245 202 4298; x_wconf 78' lang='lat' dir='ltr'>st.</span> <span class='ocrx_word' id='word_1_319' title='bbox 208 4250 353 4314; x_wconf 64' lang='lat' dir='ltr'>pompales·</span> <span class='ocrx_word' id='word_1_320' title='bbox 361 4245 553 4312; x_wconf 74' lang='lat' dir='ltr'>aatPut..prob.</span> <span class='ocrx_word' id='word_1_321' title='bbox 562 4245 655 4296; x_wconf 81' lang='lat' dir='ltr'>Heius.</span> <span class='ocrx_word' id='word_1_322' title='bbox 665 4273 700 4283; x_wconf 92' lang='lat'><em>-</em></span> <span class='ocrx_word' id='word_1_323' title='bbox 708 4240 750 4292; x_wconf 73' lang='grc'>39.</span> <span class='ocrx_word' id='word_1_324' title='bbox 759 4240 894 4290; x_wconf 74' lang='lat' dir='ltr'>Antaeum.</span> <span class='ocrx_word' id='word_1_325' title='bbox 904 4241 958 4289; x_wconf 82' lang='lat' dir='ltr'>cut.</span> <span class='ocrx_word' id='word_1_326' title='bbox 966 4239 1025 4291; x_wconf 74' lang='lat' dir='ltr'>liat.</span> <span class='ocrx_word' id='word_1_327' title='bbox 1034 4236 1092 4302; x_wconf 66' lang='lat' dir='ltr'>Ar„</span> <span class='ocrx_word' id='word_1_328' title='bbox 1102 4238 1181 4289; x_wconf 67' lang='lat' dir='ltr'>iratam</span> 
     </span>
     <span class='ocr_line' id='line_1_48' title="bbox 68 4306 1184 4374; baseline -0.011 -7"><span class='ocrx_word' id='word_1_329' title='bbox 68 4341 95 4353; x_wconf 90' lang='lat'>·-</span> <span class='ocrx_word' id='word_1_330' title='bbox 110 4313 155 4367; x_wconf 76' lang='lat' dir='ltr'>ts.</span> <span class='ocrx_word' id='word_1_331' title='bbox 164 4316 288 4367; x_wconf 72' lang='lat' dir='ltr'>eramtth‘</span> <span class='ocrx_word' id='word_1_332' title='bbox 300 4347 334 4356; x_wconf 93' lang='lat'><em>—</em></span> <span class='ocrx_word' id='word_1_333' title='bbox 347 4315 392 4366; x_wconf 71' lang='lat' dir='ltr'>ll.</span> <span class='ocrx_word' id='word_1_334' title='bbox 402 4313 520 4366; x_wconf 63' lang='lat' dir='ltr'>amiud.</span> <span class='ocrx_word' id='word_1_335' title='bbox 529 4314 551 4364; x_wconf 85' lang='lat' dir='ltr'>T</span> <span class='ocrx_word' id='word_1_336' title='bbox 559 4314 620 4364; x_wconf 81' lang='lat' dir='ltr'>rut.</span> <span class='ocrx_word' id='word_1_337' title='bbox 631 4310 729 4374; x_wconf 70' lang='lat' dir='ltr'>Weiss·</span> <span class='ocrx_word' id='word_1_338' title='bbox 737 4306 812 4373; x_wconf 60' lang='grc' dir='ltr'>ΜΦ,</span> <span class='ocrx_word' id='word_1_339' title='bbox 820 4307 906 4359; x_wconf 70' lang='lat' dir='ltr'>suad.</span> <span class='ocrx_word' id='word_1_340' title='bbox 916 4313 965 4371; x_wconf 75' lang='lat' dir='ltr'>cet.</span> <span class='ocrx_word' id='word_1_341' title='bbox 975 4336 1009 4348; x_wconf 91' lang='lat'><em>-</em></span> <span class='ocrx_word' id='word_1_342' title='bbox 1028 4308 1071 4367; x_wconf 72' lang='grc'>55.</span> <span class='ocrx_word' id='word_1_343' title='bbox 1080 4316 1184 4357; x_wconf 71' lang='lat' dir='ltr'>utinm</span> 
     </span>
    </p>
   </div>
   <div class='ocr_carea' id='block_1_4' title="bbox 74 4382 1046 4529">
    <p class='ocr_par' dir='ltr' id='par_1_7' title="bbox 74 4382 1046 4529">
     <span class='ocr_line' id='line_1_49' title="bbox 74 4382 434 4436; baseline -0.006 -1"><span class='ocrx_word' id='word_1_344' title='bbox 74 4383 241 4436; x_wconf 75' lang='lat' dir='ltr'>-u·t.11au·.</span> <span class='ocrx_word' id='word_1_345' title='bbox 252 4385 319 4436; x_wconf 72' lang='lat' dir='ltr'>luite</span> <span class='ocrx_word' id='word_1_346' title='bbox 327 4382 389 4435; x_wconf 73' lang='lat' dir='ltr'>ntd.</span> <span class='ocrx_word' id='word_1_347' title='bbox 400 4414 434 4425; x_wconf 85' lang='lat'>-</span> 
     </span>
     <span class='ocr_line' id='line_1_50' title="bbox 1034 4466 1046 4529; baseline 0 0"><span class='ocrx_word' id='word_1_348' title='bbox 1034 4466 1046 4529; x_wconf 84' lang='lat' dir='ltr'>l</span> 
     </span>
    </p>
   </div>
   <div class='ocr_carea' id='block_1_5' title="bbox 0 0 1379 4852">
    <p class='ocr_par' dir='ltr' id='par_1_8' title="bbox 0 0 1379 4852">
     <span class='ocr_line' id='line_1_51' title="bbox 0 0 1379 4852; baseline 0 0"><span class='ocrx_word' id='word_1_349' title='bbox 0 0 1379 4852; x_wconf 95' lang='lat' dir='ltr'> </span> 
     </span>
    </p>
   </div>
  </div>
 </body>
</html>
