2744 4852
508 247 586 309 ‘Aua
604 229 750 306 Prudentii
769 247 858 307 Clam.

455 412 556 493 „lsis,
577 413 700 497 Apollo,
721 412 825 479 Venus
843 412 917 476 nihil
934 424 996 490 est,

369 497 622 577 „Maximianus
640 509 672 561 ct
687 498 752 582 ipse
769 497 856 560 nibil:

390 583 473 662 „llla
489 581 667 664 nibil‚-quia
686 583 766 644 lacta
783 602 889 659 mauu,

390 666 492 746 „Hic,
509 687 650 751 manuam
668 667 737 750 quia
754 667 836 728 lacta
853 666 941 744 colit,

389 751 539 830 „Frivola
555 761 682 833 utraque
700 760 731 814 ct
748 761 874 832 atraque
893 750 974 814 nibil.

456 834 689 915 „Maximianus
706 856 793 918 opum
811 833 959 898 Dominus

392 919 460 998 „Et
476 930 576 982 tamen
593 920 658 1003 ipse
677 919 769 982 cliens
787 919 915 1002 lapidum

392 1003 586 1082 „Prostituat
601 1014 769 1086 voveatque
786 1005 849 1067 auis

392 1087 600 1168 „Numinibus
619 1099 707 1172 caput
723 1090 787 1169 ipse
804 1108 905 1152 suamc

393 1171 550 1252 „Pectora
565 1192 622 1236 cur
638 1193 786 1255 generosa
805 1173 919 1256 quatit?

456 1255 551 1332 „Dux
567 1257 680 1330 banus,
698 1257 815 1320 arbiter
830 1257 972 1344 egregias

391 1339 566 1424 „Sanguine
584 1342 718 1424 pascitur
733 1342 879 1415 innocuo,

394 1423 657 1509 „Corporibusqae
673 1425 730 1508 piis
747 1425 868 1488 inbians

391 1509 540 1586 „Viscera
555 1509 657 1577 sobria
674 1510 819 1572 dilacerat

393 1593 533 1670 „Gaudet
549 1602 581 1656 et
597 1593 776 1656 excruciare
792 1593 888 1656 libem.

458 1677 563 1761 „Ergo
582 1697 639 1760 age
656 1688 755 1741 tortor
771 1679 880 1752 adure,
899 1696 985 1754 seca,

392 1761 523 1838 „Divite
539 1763 673 1824 membra
689 1772 793 1824 coacta
813 1762 893 1823 luto:

392 1846 539 1922 „Solvere
555 1866 619 1910 rem
633 1846 777 1929 fragilem
794 1845 882 1908 lacilc
898 1856 954 1908 est.

393 1931 483 2006 „Non
501 1929 707 2014 penetrabitur
724 1930 851 2003 interior
974 1934 977 1942 “

394 2015 600 2098 „Exagitante
618 2015 721 2078 dolore
738 2015 889 2079 animus.“

456 2100 581 2163 Talibus
599 2100 718 2162 excitus
735 2099 767 2160 in
784 2099 882 2161 furias

391 2182 520 2247 Praetor
536 2183 598 2245 aila
613 2181 720 2266 „Rape
737 2182 927 2266 praecipitem

394 2267 520 2343 „Lictor
536 2277 568 2330 et
584 2267 678 2330 obrue
695 2266 860 2349 suppliciis:

392 2350 531 2429 „Sentiat
546 2371 615 2416 esse
632 2352 704 2414 deos
722 2350 852 2435 patrios,

392 2435 477 2513 „Nec
494 2437 562 2500 leve
578 2435 720 2520 principis
736 2436 895 2518 inperium.

459 2519 577 2603 „Quam
594 2530 850 2603 cupercm'tamcn
873 2529 943 2582 ante
961 2539 1080 2595 necem,

393 2603 447 2680 „Si
465 2606 542 2688 potis
559 2615 623 2680 est,
641 2600 786 2667 reuocare
804 2614 902 2682 tuam,

394 2688 518 2763 „Torva
535 2688 678 2772 puellula,
696 2687 868 2770 nequitiam.

393 2772 541 2858 „Respice
559 2772 665 2855 gaudia
680 2783 795 2855 quanta
813 2783 924 2848 metas,
971 2800 974 2803 ·

393 2858 498 2942 „Quae
516 2858 572 2921 tibi
588 2859 647 2920 lert
665 2857 791 2939 genialis
810 2856 917 2920 bonor.

459 2943 524 3018 „Te
542 2941 673 3005 lacrimis
689 2941 838 3004 labefacta
856 2942 960 3004 domus

395 3023 613 3107 „Prosequitur
629 3024 811 3108 generisque
828 3026 872 3090 tui

392 3111 542 3194 „ingemit
558 3111 650 3185 anxia
669 3110 825 3186 nobilitas,

390 3195 507 3272 „Flore
519 3195 602 3278 quod
620 3194 731 3259 occidis
747 3195 780 3259 ia
797 3205 918 3268 macro,

394 3280 559 3355 „Proxima
577 3279 694 3344 dotibus
712 3290 744 3343 et
760 3279 901 3343 thalamo.

446 3364 552 3440 „Non
569 3375 672 3430 movet
688 3385 780 3428 aurea
797 3384 903 3446 pompa
922 3362 1015 3440 thori,

393 3445 483 3521 „Non
501 3449 596 3533 pietas
613 3449 785 3513 veneranda
802 3468 924 3526 senum,

395 3533 499 3614 „Quos
516 3535 678 3598 temeraria
693 3532 848 3597 debilitas?

394 3616 494 3692 „Ecce
512 3628 616 3702 parata
634 3617 802 3683 ministeria

122 3719 170 3771 115
393 3701 636 3777 ,‚Excruciabilis
652 3702 749 3767 exitii.

153 3855 197 3906 80.
208 3855 343 3921 stinctum
355 3859 471 3922 utrumq.
486 3860 515 3908 at
524 3860 641 3921 utrumq.
656 3855 722 3907 coni.
734 3853 842 3915 Caueb„
857 3858 884 3904 ei
895 3858 935 3904 ut.
950 3869 977 3907 n.
988 3867 1038 3905 om.
1050 3852 1089 3905 rt
1106 3883 1140 3894 -
1160 3852 1248 3907 tuna

18 3921 21 3925 ’
119 3923 189 3976 ΒΗΤ
196 3922 272 3977 l'abr.
282 3923 384 3985 Helas„
397 3923 444 3975 sed
453 3923 495 3976 vd.
505 3925 533 3976 S.
544 3926 565 3975 1.
576 3938 616 3990 pr.
626 3925 673 3976 84:
683 3923 940 3989 uiam...nequiiiaa
950 3922 996 3985 [P]
1005 3920 1061 3972 Gis.
1079 3950 1114 3960 —
1132 3920 1190 3973 1011.
1200 3917 1249 3971 sit

119 3990 181 4041 l’ut.
193 4019 221 4030 -
235 3992 294 4043 110.
305 3992 428 4043 thalamis
437 3990 460 4044 0
469 3992 538 4054 aaa,
550 3993 662 4043 thalami
670 3984 737 4042 conl.
748 3992 842 4043 Heius.
851 4020 885 4030 -
895 3989 954 4040 115.
965 3988 1134 4041 enunciatii.
1145 3988 1209 4040 0-
1236 4018 1239 4029 ·

153 4123 198 4177 81.
207 4125 398 4189 Mancinianae]
415 4125 570 4179 Herculeum
584 4127 671 4179 Gilua.
706 4125 853 4178 tmaeelere
863 4125 976 4186 aduenit,
989 4123 1254 4192 utadpmaquaniu

120 4188 435 4261 eirenemepustncpp.
446 4194 673 4260 aecteintellcguut
707 4194 869 4246 Christianos
894 4196 1038 4258 instigaret
1056 4208 1147 4247 amnt
1165 4204 1253 4244 cm

120 4259 418 4323 annumerabuntur]
428 4263 612 4317 Maximianum
626 4264 672 4314 in·
707 4261 942 4326 (Diocletianum),
965 4264 1013 4326 qui
1028 4263 1084 4314 iam
1096 4263 1254 4328 manipiis

120 4326 200 4385 (libili
210 4331 314 4392 patant,
324 4328 374 4381 itti
384 4328 420 4382 ai.
429 4331 501 4384 beat.
511 4333 541 4384 P.
550 4333 589 4385 Μ.
599 4332 632 4394 X,
645 4331 671 4383 bt
698 4330 817 4396 ficerat.
836 4329 935 4394 sulpic.
947 4331 1032 4381 Seuer.
1046 4331 1085 4394 ll,
1104 4331 1150 4383 ta.
1166 4331 1253 4384 littam

120 4393 299 4446 Maximianus
307 4409 408 4458 petoque
418 4397 515 4448 Caesar
523 4398 673 4464 inflamma
707 4397 999 4462 namtadntttttttt,
1013 4397 1054 4450 ll).
1204 4427 1213 4437 -
