<?xml version="1.0" encoding="UTF-8"?>
<!DOCTYPE html PUBLIC "-//W3C//DTD XHTML 1.0 Transitional//EN"
    "http://www.w3.org/TR/xhtml1/DTD/xhtml1-transitional.dtd">
<html xmlns="http://www.w3.org/1999/xhtml" xml:lang="en" lang="en">
 <head>
  <title>
</title>
<meta http-equiv="Content-Type" content="text/html;charset=utf-8" />
  <meta name='ocr-system' content='tesseract 3.04.00' />
  <meta name='ocr-capabilities' content='ocr_page ocr_carea ocr_par ocr_line ocrx_word'/>
</head>
<body>
  <div class='ocr_page' id='page_1' title='image "./carmina00obbagoog_0366.png"; bbox 0 0 2744 4852; ppageno 0'>
   <div class='ocr_carea' id='block_1_1' title="bbox 442 255 702 336">
    <p class='ocr_par' dir='ltr' id='par_1_1' title="bbox 442 255 702 336">
     <span class='ocr_line' id='line_1_1' title="bbox 442 255 702 336; baseline 0.008 -20"><span class='ocrx_word' id='word_1_1' title='bbox 442 256 600 336; x_wconf 74' lang='lat' dir='ltr'><strong>peristeph.</strong></span> <span class='ocrx_word' id='word_1_2' title='bbox 624 255 702 319; x_wconf 87' lang='lat' dir='ltr'><strong>XlV.</strong></span> 
     </span>
    </p>
   </div>
   <div class='ocr_carea' id='block_1_2' title="bbox 160 421 979 3881">
    <p class='ocr_par' dir='ltr' id='par_1_2' title="bbox 160 421 979 3881">
     <span class='ocr_line' id='line_1_2' title="bbox 232 421 979 506; baseline 0.001 -20"><span class='ocrx_word' id='word_1_3' title='bbox 232 423 306 503; x_wconf 84' lang='lat' dir='ltr'><strong>„Ac</strong></span> <span class='ocrx_word' id='word_1_4' title='bbox 326 435 354 487; x_wconf 91' lang='lat' dir='ltr'><strong>te</strong></span> <span class='ocrx_word' id='word_1_5' title='bbox 374 435 561 506; x_wconf 71' lang='lat' dir='ltr'><strong>sequentem,</strong></span> <span class='ocrx_word' id='word_1_6' title='bbox 582 421 719 503; x_wconf 83' lang='lat' dir='ltr'><strong>Christe,</strong></span> <span class='ocrx_word' id='word_1_7' title='bbox 740 425 868 486; x_wconf 88' lang='lat' dir='ltr'><strong>animam</strong></span> <span class='ocrx_word' id='word_1_8' title='bbox 887 444 979 503; x_wconf 88' lang='lat' dir='ltr'><strong>voca,</strong></span> 
     </span>
     <span class='ocr_line' id='line_1_3' title="bbox 230 508 934 590; baseline 0.003 -20"><span class='ocrx_word' id='word_1_9' title='bbox 230 510 331 587; x_wconf 85' lang='lat' dir='ltr'><strong>„Cum</strong></span> <span class='ocrx_word' id='word_1_10' title='bbox 350 509 545 590; x_wconf 85' lang='lat' dir='ltr'><strong>virginalem,</strong></span> <span class='ocrx_word' id='word_1_11' title='bbox 566 519 628 571; x_wconf 87' lang='lat' dir='ltr'><strong>tum</strong></span> <span class='ocrx_word' id='word_1_12' title='bbox 647 508 747 572; x_wconf 91' lang='lat' dir='ltr'><strong>Patris</strong></span> <span class='ocrx_word' id='word_1_13' title='bbox 767 509 934 573; x_wconf 86' lang='lat' dir='ltr'><strong>hostiam.“</strong></span> 
     </span>
     <span class='ocr_line' id='line_1_4' title="bbox 160 591 796 658; baseline -0.003 -1"><span class='ocrx_word' id='word_1_14' title='bbox 160 632 168 645; x_wconf 88' lang='lat'><em>·</em></span> <span class='ocrx_word' id='word_1_15' title='bbox 229 593 281 657; x_wconf 91' lang='lat' dir='ltr'><strong>Sic</strong></span> <span class='ocrx_word' id='word_1_16' title='bbox 300 596 361 656; x_wconf 88' lang='lat' dir='ltr'><strong>lata</strong></span> <span class='ocrx_word' id='word_1_17' title='bbox 381 591 533 658; x_wconf 88' lang='lat' dir='ltr'><strong>Christum</strong></span> <span class='ocrx_word' id='word_1_18' title='bbox 552 595 666 656; x_wconf 91' lang='lat' dir='ltr'><strong>vertice</strong></span> <span class='ocrx_word' id='word_1_19' title='bbox 684 615 796 657; x_wconf 87' lang='lat' dir='ltr'><strong>cernuo</strong></span> 
     </span>
     <span class='ocr_line' id='line_1_5' title="bbox 230 678 851 762; baseline 0.002 -21"><span class='ocrx_word' id='word_1_20' title='bbox 230 678 365 762; x_wconf 82' lang='lat' dir='ltr'><strong>Supplex</strong></span> <span class='ocrx_word' id='word_1_21' title='bbox 383 680 505 757; x_wconf 81' lang='lat' dir='ltr'><strong>adorat,</strong></span> <span class='ocrx_word' id='word_1_22' title='bbox 525 679 633 742; x_wconf 93' lang='lat' dir='ltr'><strong>vulnus</strong></span> <span class='ocrx_word' id='word_1_23' title='bbox 653 689 685 740; x_wconf 95' lang='lat' dir='ltr'><strong>ut</strong></span> <span class='ocrx_word' id='word_1_24' title='bbox 701 679 851 743; x_wconf 86' lang='lat' dir='ltr'><strong>inminens</strong></span> 
     </span>
     <span class='ocr_line' id='line_1_6' title="bbox 231 761 753 846; baseline -0.008 -19"><span class='ocrx_word' id='word_1_25' title='bbox 231 761 348 827; x_wconf 80' lang='lat' dir='ltr'><strong>Cervix</strong></span> <span class='ocrx_word' id='word_1_26' title='bbox 367 763 481 826; x_wconf 92' lang='lat' dir='ltr'><strong>subiret</strong></span> <span class='ocrx_word' id='word_1_27' title='bbox 498 784 594 846; x_wconf 89' lang='lat' dir='ltr'><strong>prona</strong></span> <span class='ocrx_word' id='word_1_28' title='bbox 611 765 753 846; x_wconf 87' lang='lat' dir='ltr'><strong>paratius.</strong></span> 
     </span>
     <span class='ocr_line' id='line_1_7' title="bbox 229 849 843 932; baseline 0 -22"><span class='ocrx_word' id='word_1_29' title='bbox 229 849 289 911; x_wconf 89' lang='lat' dir='ltr'><strong>Ast</strong></span> <span class='ocrx_word' id='word_1_30' title='bbox 306 849 355 911; x_wconf 91' lang='lat' dir='ltr'><strong>ille</strong></span> <span class='ocrx_word' id='word_1_31' title='bbox 374 860 486 911; x_wconf 89' lang='lat' dir='ltr'><strong>tantam</strong></span> <span class='ocrx_word' id='word_1_32' title='bbox 506 869 587 930; x_wconf 89' lang='lat' dir='ltr'><strong>spem</strong></span> <span class='ocrx_word' id='word_1_33' title='bbox 606 849 723 932; x_wconf 89' lang='lat' dir='ltr'><strong>peragit</strong></span> <span class='ocrx_word' id='word_1_34' title='bbox 740 869 843 911; x_wconf 89' lang='lat' dir='ltr'><strong>manu:</strong></span> 
     </span>
     <span class='ocr_line' id='line_1_8' title="bbox 230 932 811 1017; baseline 0 -21"><span class='ocrx_word' id='word_1_35' title='bbox 230 932 298 996; x_wconf 91' lang='lat' dir='ltr'><strong>Uno</strong></span> <span class='ocrx_word' id='word_1_36' title='bbox 317 934 371 995; x_wconf 92' lang='lat' dir='ltr'><strong>sub</strong></span> <span class='ocrx_word' id='word_1_37' title='bbox 390 934 454 996; x_wconf 91' lang='lat' dir='ltr'><strong>ictu</strong></span> <span class='ocrx_word' id='word_1_38' title='bbox 470 954 538 995; x_wconf 90' lang='lat' dir='ltr'><strong>nam</strong></span> <span class='ocrx_word' id='word_1_39' title='bbox 557 945 645 1016; x_wconf 85' lang='lat' dir='ltr'><strong>caput</strong></span> <span class='ocrx_word' id='word_1_40' title='bbox 663 945 811 1017; x_wconf 87' lang='lat' dir='ltr'><strong>amputat,</strong></span> 
     </span>
     <span class='ocr_line' id='line_1_9' title="bbox 231 1017 851 1101; baseline 0 -21"><span class='ocrx_word' id='word_1_41' title='bbox 231 1017 358 1081; x_wconf 85' lang='lat' dir='ltr'><strong>Sensum</strong></span> <span class='ocrx_word' id='word_1_42' title='bbox 379 1018 489 1080; x_wconf 89' lang='lat' dir='ltr'><strong>doloris</strong></span> <span class='ocrx_word' id='word_1_43' title='bbox 508 1039 588 1079; x_wconf 79' lang='lat' dir='ltr'><strong>nrors</strong></span> <span class='ocrx_word' id='word_1_44' title='bbox 608 1019 667 1079; x_wconf 89' lang='lat' dir='ltr'><strong>cita</strong></span> <span class='ocrx_word' id='word_1_45' title='bbox 686 1018 851 1101; x_wconf 87' lang='lat' dir='ltr'><strong>praevenit.</strong></span> 
     </span>
     <span class='ocr_line' id='line_1_10' title="bbox 230 1101 709 1186; baseline 0.002 -22"><span class='ocrx_word' id='word_1_46' title='bbox 230 1101 353 1166; x_wconf 83' lang='lat' dir='ltr'><strong>Exutus</strong></span> <span class='ocrx_word' id='word_1_47' title='bbox 371 1103 440 1165; x_wconf 91' lang='lat' dir='ltr'><strong>inde</strong></span> <span class='ocrx_word' id='word_1_48' title='bbox 459 1102 582 1186; x_wconf 89' lang='lat' dir='ltr'><strong>spiritus</strong></span> <span class='ocrx_word' id='word_1_49' title='bbox 600 1103 709 1166; x_wconf 88' lang='lat' dir='ltr'><strong>emicat</strong></span> 
     </span>
     <span class='ocr_line' id='line_1_11' title="bbox 230 1185 778 1270; baseline -0.002 -20"><span class='ocrx_word' id='word_1_50' title='bbox 230 1185 381 1269; x_wconf 87' lang='lat' dir='ltr'><strong>Liberque</strong></span> <span class='ocrx_word' id='word_1_51' title='bbox 400 1187 539 1249; x_wconf 89' lang='lat' dir='ltr'><strong>inauras</strong></span> <span class='ocrx_word' id='word_1_52' title='bbox 558 1188 659 1266; x_wconf 87' lang='lat' dir='ltr'><strong>exilit,</strong></span> <span class='ocrx_word' id='word_1_53' title='bbox 679 1188 778 1270; x_wconf 91' lang='lat' dir='ltr'><strong>angeli</strong></span> 
     </span>
     <span class='ocr_line' id='line_1_12' title="bbox 232 1271 790 1355; baseline -0.005 -20"><span class='ocrx_word' id='word_1_54' title='bbox 232 1271 361 1355; x_wconf 88' lang='lat' dir='ltr'><strong>Sepsere</strong></span> <span class='ocrx_word' id='word_1_55' title='bbox 380 1282 498 1334; x_wconf 89' lang='lat' dir='ltr'><strong>euntem</strong></span> <span class='ocrx_word' id='word_1_56' title='bbox 517 1273 636 1334; x_wconf 87' lang='lat' dir='ltr'><strong>tramite</strong></span> <span class='ocrx_word' id='word_1_57' title='bbox 655 1273 790 1334; x_wconf 85' lang='lat' dir='ltr'><strong>candido.</strong></span> 
     </span>
     <span class='ocr_line' id='line_1_13' title="bbox 231 1356 821 1440; baseline 0.002 -20"><span class='ocrx_word' id='word_1_58' title='bbox 231 1357 363 1420; x_wconf 87' lang='lat' dir='ltr'><strong>llliratur</strong></span> <span class='ocrx_word' id='word_1_59' title='bbox 381 1356 482 1419; x_wconf 88' lang='lat' dir='ltr'><strong>orbem</strong></span> <span class='ocrx_word' id='word_1_60' title='bbox 501 1357 556 1419; x_wconf 91' lang='lat' dir='ltr'><strong>sub</strong></span> <span class='ocrx_word' id='word_1_61' title='bbox 575 1359 696 1440; x_wconf 89' lang='lat' dir='ltr'><strong>pedibus</strong></span> <span class='ocrx_word' id='word_1_62' title='bbox 716 1358 821 1434; x_wconf 82' lang='lat' dir='ltr'><strong>situm,</strong></span> 
     </span>
     <span class='ocr_line' id='line_1_14' title="bbox 232 1441 778 1525; baseline -0.002 -19"><span class='ocrx_word' id='word_1_63' title='bbox 232 1441 354 1525; x_wconf 87' lang='lat' dir='ltr'><strong>Spectat</strong></span> <span class='ocrx_word' id='word_1_64' title='bbox 375 1441 515 1504; x_wconf 77' lang='lat' dir='ltr'><strong>tenebras</strong></span> <span class='ocrx_word' id='word_1_65' title='bbox 535 1443 627 1504; x_wconf 75' lang='lat' dir='ltr'><strong>arilina</strong></span> <span class='ocrx_word' id='word_1_66' title='bbox 646 1443 778 1505; x_wconf 85' lang='lat' dir='ltr'><strong>subditas</strong></span> 
     </span>
     <span class='ocr_line' id='line_1_15' title="bbox 232 1526 811 1609; baseline -0.003 -18"><span class='ocrx_word' id='word_1_67' title='bbox 232 1526 398 1609; x_wconf 84' lang='lat' dir='ltr'><strong>Ridetque,</strong></span> <span class='ocrx_word' id='word_1_68' title='bbox 419 1526 491 1589; x_wconf 92' lang='lat' dir='ltr'><strong>solis</strong></span> <span class='ocrx_word' id='word_1_69' title='bbox 511 1528 586 1609; x_wconf 86' lang='lat' dir='ltr'><strong>quod</strong></span> <span class='ocrx_word' id='word_1_70' title='bbox 605 1537 670 1589; x_wconf 91' lang='lat' dir='ltr'><strong>rota</strong></span> <span class='ocrx_word' id='word_1_71' title='bbox 691 1527 811 1604; x_wconf 77' lang='lat' dir='ltr'><strong>circuit,</strong></span> 
     </span>
     <span class='ocr_line' id='line_1_16' title="bbox 233 1611 897 1695; baseline -0.002 -21"><span class='ocrx_word' id='word_1_72' title='bbox 233 1611 319 1694; x_wconf 75' lang='lat' dir='ltr'><strong>Quod</strong></span> <span class='ocrx_word' id='word_1_73' title='bbox 338 1613 466 1674; x_wconf 89' lang='lat' dir='ltr'><strong>muudus</strong></span> <span class='ocrx_word' id='word_1_74' title='bbox 485 1611 581 1673; x_wconf 91' lang='lat' dir='ltr'><strong>omnis</strong></span> <span class='ocrx_word' id='word_1_75' title='bbox 599 1612 694 1675; x_wconf 88' lang='lat' dir='ltr'><strong>volvit</strong></span> <span class='ocrx_word' id='word_1_76' title='bbox 712 1622 742 1674; x_wconf 93' lang='lat' dir='ltr'><strong>et</strong></span> <span class='ocrx_word' id='word_1_77' title='bbox 760 1611 897 1695; x_wconf 85' lang='lat' dir='ltr'><strong>inplicat,</strong></span> 
     </span>
     <span class='ocr_line' id='line_1_17' title="bbox 232 1696 813 1779; baseline 0.002 -20"><span class='ocrx_word' id='word_1_78' title='bbox 232 1696 347 1759; x_wconf 82' lang='lat' dir='ltr'><strong>lterum</strong></span> <span class='ocrx_word' id='word_1_79' title='bbox 366 1697 441 1779; x_wconf 87' lang='lat' dir='ltr'><strong>quod</strong></span> <span class='ocrx_word' id='word_1_80' title='bbox 455 1707 527 1758; x_wconf 87' lang='lat' dir='ltr'><strong>atro</strong></span> <span class='ocrx_word' id='word_1_81' title='bbox 547 1696 665 1758; x_wconf 88' lang='lat' dir='ltr'><strong>turbine</strong></span> <span class='ocrx_word' id='word_1_82' title='bbox 682 1697 813 1773; x_wconf 89' lang='lat' dir='ltr'><strong>vivitur,</strong></span> 
     </span>
     <span class='ocr_line' id='line_1_18' title="bbox 232 1780 786 1865; baseline 0.002 -22"><span class='ocrx_word' id='word_1_83' title='bbox 232 1780 320 1864; x_wconf 77' lang='lat' dir='ltr'><strong>Qtrcd</strong></span> <span class='ocrx_word' id='word_1_84' title='bbox 337 1803 416 1844; x_wconf 87' lang='lat' dir='ltr'><strong>vana</strong></span> <span class='ocrx_word' id='word_1_85' title='bbox 434 1781 506 1844; x_wconf 92' lang='lat' dir='ltr'><strong>secli</strong></span> <span class='ocrx_word' id='word_1_86' title='bbox 525 1781 674 1844; x_wconf 85' lang='lat' dir='ltr'><strong>mobilitas</strong></span> <span class='ocrx_word' id='word_1_87' title='bbox 692 1783 786 1865; x_wconf 87' lang='lat' dir='ltr'><strong>rapit:</strong></span> 
     </span>
     <span class='ocr_line' id='line_1_19' title="bbox 232 1866 848 1952; baseline 0.002 -24"><span class='ocrx_word' id='word_1_88' title='bbox 232 1866 351 1950; x_wconf 83' lang='lat' dir='ltr'><strong>llcgcs,</strong></span> <span class='ocrx_word' id='word_1_89' title='bbox 372 1877 534 1952; x_wconf 84' lang='lat' dir='ltr'><strong>tyrannos,</strong></span> <span class='ocrx_word' id='word_1_90' title='bbox 555 1866 671 1950; x_wconf 92' lang='lat' dir='ltr'><strong>inperia</strong></span> <span class='ocrx_word' id='word_1_91' title='bbox 688 1878 719 1928; x_wconf 93' lang='lat' dir='ltr'><strong>et</strong></span> <span class='ocrx_word' id='word_1_92' title='bbox 737 1867 848 1949; x_wconf 88' lang='lat' dir='ltr'><strong>gradus</strong></span> 
     </span>
     <span class='ocr_line' id='line_1_20' title="bbox 233 1951 907 2034; baseline -0.004 -19"><span class='ocrx_word' id='word_1_93' title='bbox 233 1951 420 2034; x_wconf 87' lang='lat' dir='ltr'><strong>Pompasque</strong></span> <span class='ocrx_word' id='word_1_94' title='bbox 439 1951 584 2013; x_wconf 87' lang='lat' dir='ltr'><strong>honorum</strong></span> <span class='ocrx_word' id='word_1_95' title='bbox 603 1952 693 2014; x_wconf 88' lang='lat' dir='ltr'><strong>stulta</strong></span> <span class='ocrx_word' id='word_1_96' title='bbox 714 1951 907 2029; x_wconf 85' lang='lat' dir='ltr'><strong>tumentium,</strong></span> 
     </span>
     <span class='ocr_line' id='line_1_21' title="bbox 235 2036 768 2119; baseline 0.002 -21"><span class='ocrx_word' id='word_1_97' title='bbox 235 2036 366 2119; x_wconf 84' lang='lat' dir='ltr'><strong>Argenti</strong></span> <span class='ocrx_word' id='word_1_98' title='bbox 384 2048 414 2098; x_wconf 91' lang='lat' dir='ltr'><strong>et</strong></span> <span class='ocrx_word' id='word_1_99' title='bbox 432 2036 499 2098; x_wconf 91' lang='lat' dir='ltr'><strong>auri</strong></span> <span class='ocrx_word' id='word_1_100' title='bbox 516 2036 576 2099; x_wconf 85' lang='lat' dir='ltr'><strong>vim</strong></span> <span class='ocrx_word' id='word_1_101' title='bbox 595 2036 698 2099; x_wconf 87' lang='lat' dir='ltr'><strong>rabida</strong></span> <span class='ocrx_word' id='word_1_102' title='bbox 718 2037 768 2099; x_wconf 88' lang='lat' dir='ltr'><strong>siti</strong></span> 
     </span>
     <span class='ocr_line' id='line_1_22' title="bbox 235 2119 827 2204; baseline 0 -20"><span class='ocrx_word' id='word_1_103' title='bbox 235 2119 361 2185; x_wconf 82' lang='lat' dir='ltr'><strong>Cunctis</strong></span> <span class='ocrx_word' id='word_1_104' title='bbox 380 2121 500 2204; x_wconf 86' lang='lat' dir='ltr'><strong>petitam</strong></span> <span class='ocrx_word' id='word_1_105' title='bbox 520 2142 573 2203; x_wconf 93' lang='lat' dir='ltr'><strong>per</strong></span> <span class='ocrx_word' id='word_1_106' title='bbox 591 2122 706 2183; x_wconf 88' lang='lat' dir='ltr'><strong>varium</strong></span> <span class='ocrx_word' id='word_1_107' title='bbox 727 2123 827 2198; x_wconf 83' lang='lat' dir='ltr'><strong>uelaS,</strong></span> 
     </span>
     <span class='ocr_line' id='line_1_23' title="bbox 234 2205 847 2289; baseline 0.002 -20"><span class='ocrx_word' id='word_1_108' title='bbox 234 2205 399 2289; x_wconf 90' lang='lat' dir='ltr'><strong>Splendore</strong></span> <span class='ocrx_word' id='word_1_109' title='bbox 418 2206 510 2268; x_wconf 92' lang='lat' dir='ltr'><strong>multo</strong></span> <span class='ocrx_word' id='word_1_110' title='bbox 530 2216 644 2269; x_wconf 86' lang='lat' dir='ltr'><strong>structa</strong></span> <span class='ocrx_word' id='word_1_111' title='bbox 663 2206 847 2286; x_wconf 85' lang='lat' dir='ltr'><strong>habitacula,</strong></span> 
     </span>
     <span class='ocr_line' id='line_1_24' title="bbox 237 2290 703 2374; baseline -0.002 -21"><span class='ocrx_word' id='word_1_112' title='bbox 237 2291 340 2353; x_wconf 84' lang='lat' dir='ltr'><strong>Iulosa</strong></span> <span class='ocrx_word' id='word_1_113' title='bbox 359 2290 455 2374; x_wconf 90' lang='lat' dir='ltr'><strong>pictae</strong></span> <span class='ocrx_word' id='word_1_114' title='bbox 474 2291 567 2354; x_wconf 89' lang='lat' dir='ltr'><strong>vestis</strong></span> <span class='ocrx_word' id='word_1_115' title='bbox 585 2291 703 2364; x_wconf 86' lang='lat' dir='ltr'><strong>inania,</strong></span> 
     </span>
     <span class='ocr_line' id='line_1_25' title="bbox 236 2375 778 2459; baseline 0 -21"><span class='ocrx_word' id='word_1_116' title='bbox 236 2376 334 2454; x_wconf 84' lang='lat' dir='ltr'><strong>Iram,</strong></span> <span class='ocrx_word' id='word_1_117' title='bbox 355 2379 506 2454; x_wconf 86' lang='lat' dir='ltr'><strong>timorem,</strong></span> <span class='ocrx_word' id='word_1_118' title='bbox 526 2386 611 2450; x_wconf 92' lang='lat' dir='ltr'><strong>vota,</strong></span> <span class='ocrx_word' id='word_1_119' title='bbox 631 2375 778 2459; x_wconf 88' lang='lat' dir='ltr'><strong>pericula,</strong></span> 
     </span>
     <span class='ocr_line' id='line_1_26' title="bbox 236 2460 975 2544; baseline -0.001 -21"><span class='ocrx_word' id='word_1_120' title='bbox 236 2460 327 2523; x_wconf 91' lang='lat' dir='ltr'><strong>Nunc</strong></span> <span class='ocrx_word' id='word_1_121' title='bbox 347 2461 432 2523; x_wconf 88' lang='lat' dir='ltr'><strong>triste</strong></span> <span class='ocrx_word' id='word_1_122' title='bbox 451 2461 589 2543; x_wconf 87' lang='lat' dir='ltr'><strong>longum,</strong></span> <span class='ocrx_word' id='word_1_123' title='bbox 611 2482 689 2524; x_wconf 93' lang='lat' dir='ltr'><strong>nunc</strong></span> <span class='ocrx_word' id='word_1_124' title='bbox 707 2461 798 2524; x_wconf 89' lang='lat' dir='ltr'><strong>breve</strong></span> <span class='ocrx_word' id='word_1_125' title='bbox 819 2461 975 2544; x_wconf 82' lang='lat' dir='ltr'><strong>gaudium,</strong></span> 
     </span>
     <span class='ocr_line' id='line_1_27' title="bbox 235 2543 715 2624; baseline 0 -16"><span class='ocrx_word' id='word_1_126' title='bbox 235 2543 358 2609; x_wconf 87' lang='lat' dir='ltr'><strong>Livoris</strong></span> <span class='ocrx_word' id='word_1_127' title='bbox 378 2545 435 2608; x_wconf 90' lang='lat' dir='ltr'><strong>atri</strong></span> <span class='ocrx_word' id='word_1_128' title='bbox 453 2545 599 2608; x_wconf 85' lang='lat' dir='ltr'><strong>fumificas</strong></span> <span class='ocrx_word' id='word_1_129' title='bbox 618 2546 715 2624; x_wconf 81' lang='lat' dir='ltr'><strong>laceS,</strong></span> 
     </span>
     <span class='ocr_line' id='line_1_28' title="bbox 236 2630 916 2714; baseline -0.006 -20"><span class='ocrx_word' id='word_1_130' title='bbox 236 2630 392 2714; x_wconf 89' lang='lat' dir='ltr'><strong>Nigrescit</strong></span> <span class='ocrx_word' id='word_1_131' title='bbox 409 2632 487 2692; x_wconf 89' lang='lat' dir='ltr'><strong>umle</strong></span> <span class='ocrx_word' id='word_1_132' title='bbox 506 2651 574 2713; x_wconf 91' lang='lat' dir='ltr'><strong>spes</strong></span> <span class='ocrx_word' id='word_1_133' title='bbox 593 2631 744 2692; x_wconf 90' lang='lat' dir='ltr'><strong>homiuum</strong></span> <span class='ocrx_word' id='word_1_134' title='bbox 763 2641 791 2693; x_wconf 90' lang='lat' dir='ltr'><strong>et</strong></span> <span class='ocrx_word' id='word_1_135' title='bbox 812 2631 916 2693; x_wconf 91' lang='lat' dir='ltr'><strong>decus:</strong></span> 
     </span>
     <span class='ocr_line' id='line_1_29' title="bbox 235 2714 893 2796; baseline -0.005 -18"><span class='ocrx_word' id='word_1_136' title='bbox 235 2715 278 2778; x_wconf 87' lang='lat' dir='ltr'><strong>Et</strong></span> <span class='ocrx_word' id='word_1_137' title='bbox 295 2717 372 2796; x_wconf 90' lang='lat' dir='ltr'><strong>quod</strong></span> <span class='ocrx_word' id='word_1_138' title='bbox 391 2714 535 2776; x_wconf 86' lang='lat' dir='ltr'><strong>malorum</strong></span> <span class='ocrx_word' id='word_1_139' title='bbox 555 2726 601 2778; x_wconf 89' lang='lat' dir='ltr'><strong>est</strong></span> <span class='ocrx_word' id='word_1_140' title='bbox 620 2717 727 2778; x_wconf 91' lang='lat' dir='ltr'><strong>tetrius</strong></span> <span class='ocrx_word' id='word_1_141' title='bbox 747 2716 893 2788; x_wconf 88' lang='lat' dir='ltr'><strong>omnium,</strong></span> 
     </span>
     <span class='ocr_line' id='line_1_30' title="bbox 240 2799 692 2863; baseline -0.009 0"><span class='ocrx_word' id='word_1_142' title='bbox 240 2799 423 2863; x_wconf 89' lang='lat' dir='ltr'><strong>Gentilitatis</strong></span> <span class='ocrx_word' id='word_1_143' title='bbox 442 2800 563 2862; x_wconf 85' lang='lat' dir='ltr'><strong>sordida</strong></span> <span class='ocrx_word' id='word_1_144' title='bbox 582 2799 692 2862; x_wconf 90' lang='lat' dir='ltr'><strong>nubila.</strong></span> 
     </span>
     <span class='ocr_line' id='line_1_31' title="bbox 233 2883 851 2967; baseline -0.005 -20"><span class='ocrx_word' id='word_1_145' title='bbox 233 2885 322 2947; x_wconf 81' lang='lat' dir='ltr'><strong>&#39;Haec</strong></span> <span class='ocrx_word' id='word_1_146' title='bbox 340 2886 437 2948; x_wconf 84' lang='lat' dir='ltr'><strong>calcet</strong></span> <span class='ocrx_word' id='word_1_147' title='bbox 455 2885 560 2967; x_wconf 81' lang='lat' dir='ltr'><strong>Agnes</strong></span> <span class='ocrx_word' id='word_1_148' title='bbox 580 2905 615 2946; x_wconf 90' lang='lat' dir='ltr'><strong>ac</strong></span> <span class='ocrx_word' id='word_1_149' title='bbox 633 2885 706 2967; x_wconf 90' lang='lat' dir='ltr'><strong>pede</strong></span> <span class='ocrx_word' id='word_1_150' title='bbox 724 2883 851 2967; x_wconf 88' lang='lat' dir='ltr'><strong>proterit</strong></span> 
     </span>
     <span class='ocr_line' id='line_1_32' title="bbox 238 2968 915 3053; baseline -0.003 -20"><span class='ocrx_word' id='word_1_151' title='bbox 238 2968 330 3033; x_wconf 88' lang='lat' dir='ltr'><strong>Stans</strong></span> <span class='ocrx_word' id='word_1_152' title='bbox 350 2980 380 3032; x_wconf 91' lang='lat' dir='ltr'><strong>et</strong></span> <span class='ocrx_word' id='word_1_153' title='bbox 398 2970 536 3031; x_wconf 86' lang='lat' dir='ltr'><strong>draconis</strong></span> <span class='ocrx_word' id='word_1_154' title='bbox 556 2968 636 3032; x_wconf 89' lang='lat' dir='ltr'><strong>calce</strong></span> <span class='ocrx_word' id='word_1_155' title='bbox 656 2990 793 3052; x_wconf 92' lang='lat' dir='ltr'><strong>premens</strong></span> <span class='ocrx_word' id='word_1_156' title='bbox 813 2978 915 3053; x_wconf 75' lang='lat' dir='ltr'><strong>capiat,</strong></span> 
     </span>
     <span class='ocr_line' id='line_1_33' title="bbox 236 3053 784 3136; baseline -0.002 -19"><span class='ocrx_word' id='word_1_157' title='bbox 236 3054 375 3117; x_wconf 85' lang='lat' dir='ltr'><strong>Terrena</strong></span> <span class='ocrx_word' id='word_1_158' title='bbox 393 3055 494 3116; x_wconf 88' lang='lat' dir='ltr'><strong>mundi</strong></span> <span class='ocrx_word' id='word_1_159' title='bbox 514 3055 562 3136; x_wconf 95' lang='lat' dir='ltr'><strong>qui</strong></span> <span class='ocrx_word' id='word_1_160' title='bbox 583 3055 664 3116; x_wconf 86' lang='lat' dir='ltr'><strong>ierus</strong></span> <span class='ocrx_word' id='word_1_161' title='bbox 684 3053 784 3116; x_wconf 88' lang='lat' dir='ltr'><strong>omnia</strong></span> 
     </span>
     <span class='ocr_line' id='line_1_34' title="bbox 239 3138 821 3222; baseline -0.005 -20"><span class='ocrx_word' id='word_1_162' title='bbox 239 3138 363 3222; x_wconf 90' lang='lat' dir='ltr'><strong>Spargit</strong></span> <span class='ocrx_word' id='word_1_163' title='bbox 379 3138 505 3202; x_wconf 89' lang='lat' dir='ltr'><strong>venenis</strong></span> <span class='ocrx_word' id='word_1_164' title='bbox 524 3139 634 3220; x_wconf 84' lang='lat' dir='ltr'><strong>mergit</strong></span> <span class='ocrx_word' id='word_1_165' title='bbox 652 3149 682 3200; x_wconf 93' lang='lat' dir='ltr'><strong>et</strong></span> <span class='ocrx_word' id='word_1_166' title='bbox 699 3139 821 3217; x_wconf 77' lang='lat' dir='ltr'><strong>inieris3</strong></span> 
     </span>
     <span class='ocr_line' id='line_1_35' title="bbox 238 3222 771 3306; baseline -0.004 -20"><span class='ocrx_word' id='word_1_167' title='bbox 238 3222 328 3286; x_wconf 90' lang='lat' dir='ltr'><strong>Nunc</strong></span> <span class='ocrx_word' id='word_1_168' title='bbox 347 3224 488 3306; x_wconf 88' lang='lat' dir='ltr'><strong>virginali</strong></span> <span class='ocrx_word' id='word_1_169' title='bbox 506 3222 687 3306; x_wconf 87' lang='lat' dir='ltr'><strong>perdomitus</strong></span> <span class='ocrx_word' id='word_1_170' title='bbox 706 3223 771 3286; x_wconf 89' lang='lat' dir='ltr'><strong>salo</strong></span> 
     </span>
     <span class='ocr_line' id='line_1_36' title="bbox 240 3305 765 3391; baseline -0.006 -19"><span class='ocrx_word' id='word_1_171' title='bbox 240 3305 358 3372; x_wconf 88' lang='lat' dir='ltr'><strong>Cristas</strong></span> <span class='ocrx_word' id='word_1_172' title='bbox 377 3308 493 3371; x_wconf 85' lang='lat' dir='ltr'><strong>cerebri</strong></span> <span class='ocrx_word' id='word_1_173' title='bbox 512 3307 649 3391; x_wconf 89' lang='lat' dir='ltr'><strong>deprimit</strong></span> <span class='ocrx_word' id='word_1_174' title='bbox 667 3308 765 3391; x_wconf 87' lang='lat' dir='ltr'><strong>ignei,</strong></span> 
     </span>
     <span class='ocr_line' id='line_1_37' title="bbox 238 3391 829 3457; baseline 0.002 -2"><span class='ocrx_word' id='word_1_175' title='bbox 238 3391 306 3455; x_wconf 90' lang='lat' dir='ltr'><strong>Nec</strong></span> <span class='ocrx_word' id='word_1_176' title='bbox 324 3394 422 3457; x_wconf 87' lang='lat' dir='ltr'><strong>viatus</strong></span> <span class='ocrx_word' id='word_1_177' title='bbox 442 3394 530 3456; x_wconf 84' lang='lat' dir='ltr'><strong>audet</strong></span> <span class='ocrx_word' id='word_1_178' title='bbox 549 3392 654 3455; x_wconf 88' lang='lat' dir='ltr'><strong>tollere</strong></span> <span class='ocrx_word' id='word_1_179' title='bbox 673 3393 829 3456; x_wconf 86' lang='lat' dir='ltr'><strong>verticem.</strong></span> 
     </span>
     <span class='ocr_line' id='line_1_38' title="bbox 240 3472 720 3565; baseline 0.002 -25"><span class='ocrx_word' id='word_1_180' title='bbox 240 3475 345 3560; x_wconf 87' lang='lat' dir='ltr'><strong>Ciugit</strong></span> <span class='ocrx_word' id='word_1_181' title='bbox 363 3478 482 3565; x_wconf 80' lang='lat' dir='ltr'><strong>coronis</strong></span> <span class='ocrx_word' id='word_1_182' title='bbox 496 3472 617 3541; x_wconf 58' lang='lat' dir='ltr'><strong>&#39;interea</strong></span> <span class='ocrx_word' id='word_1_183' title='bbox 636 3475 720 3541; x_wconf 88' lang='lat' dir='ltr'><strong>Deus</strong></span> 
     </span>
     <span class='ocr_line' id='line_1_39' title="bbox 239 3561 840 3648; baseline 0 -24"><span class='ocrx_word' id='word_1_184' title='bbox 239 3561 383 3625; x_wconf 86' lang='lat' dir='ltr'><strong>Frontem</strong></span> <span class='ocrx_word' id='word_1_185' title='bbox 402 3564 515 3625; x_wconf 82' lang='lat' dir='ltr'><strong>duabus</strong></span> <span class='ocrx_word' id='word_1_186' title='bbox 534 3563 676 3648; x_wconf 87' lang='lat' dir='ltr'><strong>martyris</strong></span> <span class='ocrx_word' id='word_1_187' title='bbox 694 3563 840 3626; x_wconf 89' lang='lat' dir='ltr'><strong>innubae:</strong></span> 
     </span>
     <span class='ocr_line' id='line_1_40' title="bbox 240 3645 747 3730; baseline 0 -20"><span class='ocrx_word' id='word_1_188' title='bbox 240 3645 337 3710; x_wconf 89' lang='lat' dir='ltr'><strong>Unam</strong></span> <span class='ocrx_word' id='word_1_189' title='bbox 357 3648 530 3730; x_wconf 81' lang='lat' dir='ltr'><strong>decemplex</strong></span> <span class='ocrx_word' id='word_1_190' title='bbox 548 3648 628 3709; x_wconf 86' lang='lat' dir='ltr'><strong>edita</strong></span> <span class='ocrx_word' id='word_1_191' title='bbox 645 3648 747 3711; x_wconf 87' lang='lat' dir='ltr'><strong>sexies</strong></span> 
     </span>
     <span class='ocr_line' id='line_1_41' title="bbox 238 3729 784 3816; baseline 0.002 -22"><span class='ocrx_word' id='word_1_192' title='bbox 238 3729 365 3796; x_wconf 85' lang='lat' dir='ltr'><strong>Merces</strong></span> <span class='ocrx_word' id='word_1_193' title='bbox 379 3732 502 3816; x_wconf 88' lang='lat' dir='ltr'><strong>perenni</strong></span> <span class='ocrx_word' id='word_1_194' title='bbox 520 3732 631 3794; x_wconf 89' lang='lat' dir='ltr'><strong>lumine</strong></span> <span class='ocrx_word' id='word_1_195' title='bbox 650 3733 784 3812; x_wconf 87' lang='lat' dir='ltr'><strong>coniicit,</strong></span> 
     </span>
     <span class='ocr_line' id='line_1_42' title="bbox 241 3813 808 3881; baseline -0.004 -1"><span class='ocrx_word' id='word_1_196' title='bbox 241 3813 395 3880; x_wconf 84' lang='lat' dir='ltr'><strong>Centenus</strong></span> <span class='ocrx_word' id='word_1_197' title='bbox 414 3827 500 3879; x_wconf 87' lang='lat' dir='ltr'><strong>extat</strong></span> <span class='ocrx_word' id='word_1_198' title='bbox 518 3818 634 3880; x_wconf 87' lang='lat' dir='ltr'><strong>fructus</strong></span> <span class='ocrx_word' id='word_1_199' title='bbox 652 3818 682 3880; x_wconf 92' lang='lat' dir='ltr'><strong>iu</strong></span> <span class='ocrx_word' id='word_1_200' title='bbox 702 3818 808 3881; x_wconf 88' lang='lat' dir='ltr'><strong>altera.</strong></span> 
     </span>
    </p>
   </div>
   <div class='ocr_carea' id='block_1_3' title="bbox 76 3967 1173 4172">
    <p class='ocr_par' dir='ltr' id='par_1_3' title="bbox 76 3967 1173 4172">
     <span class='ocr_line' id='line_1_43' title="bbox 76 3967 1172 4035; baseline 0 -15"><span class='ocrx_word' id='word_1_201' title='bbox 76 3969 104 4020; x_wconf 45' lang='grc' dir='ltr'><strong>Ὶ9.</strong></span> <span class='ocrx_word' id='word_1_202' title='bbox 117 3967 201 4023; x_wconf 79' lang='lat' dir='ltr'><strong>Unum</strong></span> <span class='ocrx_word' id='word_1_203' title='bbox 209 3968 285 4020; x_wconf 71' lang='lat' dir='ltr'><strong>tte:</strong></span> <span class='ocrx_word' id='word_1_204' title='bbox 296 3972 400 4021; x_wconf 78' lang='lat' dir='ltr'><strong>subiato</strong></span> <span class='ocrx_word' id='word_1_205' title='bbox 411 3970 462 4021; x_wconf 79' lang='lat' dir='ltr'><strong>cit.</strong></span> <span class='ocrx_word' id='word_1_206' title='bbox 473 3985 499 4035; x_wconf 90' lang='lat' dir='ltr'><strong>p.</strong></span> <span class='ocrx_word' id='word_1_207' title='bbox 510 3971 615 4022; x_wconf 65' lang='grc'><strong>4711-</strong></span> <span class='ocrx_word' id='word_1_208' title='bbox 629 3970 672 4021; x_wconf 78' lang='lat'><strong>90.</strong></span> <span class='ocrx_word' id='word_1_209' title='bbox 683 3969 795 4020; x_wconf 76' lang='lat' dir='ltr'><strong>Sumam</strong></span> <span class='ocrx_word' id='word_1_210' title='bbox 805 3969 829 4019; x_wconf 74' lang='lat' dir='ltr'>A</span> <span class='ocrx_word' id='word_1_211' title='bbox 838 3997 872 4006; x_wconf 93' lang='lat'><em>-</em></span> <span class='ocrx_word' id='word_1_212' title='bbox 887 3970 928 4020; x_wconf 82' lang='lat' dir='ltr'><strong>ill.</strong></span> <span class='ocrx_word' id='word_1_213' title='bbox 941 3969 1084 4019; x_wconf 79' lang='lat' dir='ltr'><strong>Emtinelua</strong></span> <span class='ocrx_word' id='word_1_214' title='bbox 1094 3970 1130 4031; x_wconf 83' lang='grc' dir='ltr'><strong>Ε,</strong></span> <span class='ocrx_word' id='word_1_215' title='bbox 1141 3971 1172 4020; x_wconf 85' lang='lat' dir='ltr'><strong>el.</strong></span> 
     </span>
     <span class='ocr_line' id='line_1_44' title="bbox 76 4036 1173 4104; baseline 0 -17"><span class='ocrx_word' id='word_1_216' title='bbox 76 4036 321 4088; x_wconf 74' lang='lat' dir='ltr'><strong>un.ed.Antbol.ll.</strong></span> <span class='ocrx_word' id='word_1_217' title='bbox 332 4037 1173 4104; x_wconf 57' lang='grc' dir='ltr'><strong>ρ.271.-96.1]ἱιίοΐᾳ.αΑΙῑ1.-1112.ναὺὶάιινηΑΒΗΡΒεὴιηρᾳ</strong></span> 
     </span>
     <span class='ocr_line' id='line_1_45' title="bbox 81 4105 1173 4172; baseline 0 -16"><span class='ocrx_word' id='word_1_218' title='bbox 81 4139 98 4168; x_wconf 86' lang='grc'><strong>.,</strong></span> <span class='ocrx_word' id='word_1_219' title='bbox 110 4107 182 4155; x_wconf 81' lang='lat' dir='ltr'><strong>sitim</strong></span> <span class='ocrx_word' id='word_1_220' title='bbox 191 4105 224 4169; x_wconf 78' lang='lat' dir='ltr'><strong>t,</strong></span> <span class='ocrx_word' id='word_1_221' title='bbox 236 4106 1173 4172; x_wconf 68' lang='lat' dir='ltr'><strong>sitemltPapquAld.:reticentiam.-112.boecpedomPrag.Rat.</strong></span> 
     </span>
    </p>
   </div>
   <div class='ocr_carea' id='block_1_4' title="bbox 83 4173 612 4229">
    <p class='ocr_par' dir='ltr' id='par_1_4' title="bbox 83 4173 612 4229">
     <span class='ocr_line' id='line_1_46' title="bbox 83 4173 612 4229; baseline 0 -5"><span class='ocrx_word' id='word_1_222' title='bbox 83 4202 119 4211; x_wconf 93' lang='lat'>-</span> <span class='ocrx_word' id='word_1_223' title='bbox 130 4173 190 4226; x_wconf 80' lang='lat'><strong>121.</strong></span> <span class='ocrx_word' id='word_1_224' title='bbox 199 4188 275 4225; x_wconf 75' lang='lat' dir='ltr'><strong>mean</strong></span> <span class='ocrx_word' id='word_1_225' title='bbox 285 4203 318 4213; x_wconf 90' lang='lat'><em>-</em></span> <span class='ocrx_word' id='word_1_226' title='bbox 330 4174 388 4229; x_wconf 74' lang='lat'><strong>122·</strong></span> <span class='ocrx_word' id='word_1_227' title='bbox 398 4175 495 4226; x_wconf 78' lang='lat' dir='ltr'><strong>Mer-cis</strong></span> <span class='ocrx_word' id='word_1_228' title='bbox 504 4174 572 4225; x_wconf 81' lang='grc' dir='ltr'><strong>ΑΕΡ</strong></span> <span class='ocrx_word' id='word_1_229' title='bbox 583 4202 612 4212; x_wconf 89' lang='grc'>-</span> 
     </span>
    </p>
   </div>
   <div class='ocr_carea' id='block_1_5' title="bbox 76 4291 1175 4496">
    <p class='ocr_par' dir='ltr' id='par_1_5' title="bbox 76 4291 1175 4496">
     <span class='ocr_line' id='line_1_47' title="bbox 78 4291 1173 4357; baseline -0.003 -14"><span class='ocrx_word' id='word_1_230' title='bbox 78 4291 262 4356; x_wconf 74' lang='lat' dir='ltr'><strong>bqnodrota]</strong></span> <span class='ocrx_word' id='word_1_231' title='bbox 273 4293 417 4345; x_wconf 83' lang='lat' dir='ltr'><strong>Sententia:</strong></span> <span class='ocrx_word' id='word_1_232' title='bbox 430 4293 522 4344; x_wconf 86' lang='lat' dir='ltr'><strong>Omnia</strong></span> <span class='ocrx_word' id='word_1_233' title='bbox 534 4300 585 4344; x_wconf 78' lang='lat' dir='ltr'><strong>ter·</strong></span> <span class='ocrx_word' id='word_1_234' title='bbox 620 4306 653 4343; x_wconf 92' lang='lat' dir='ltr'><strong>ne</strong></span> <span class='ocrx_word' id='word_1_235' title='bbox 662 4291 760 4356; x_wconf 84' lang='lat' dir='ltr'><strong>aliquot</strong></span> <span class='ocrx_word' id='word_1_236' title='bbox 769 4292 851 4357; x_wconf 90' lang='lat' dir='ltr'><strong>intpp.</strong></span> <span class='ocrx_word' id='word_1_237' title='bbox 859 4291 1035 4356; x_wconf 76' lang='lat' dir='ltr'><strong>accipiunt-</strong></span> <span class='ocrx_word' id='word_1_238' title='bbox 1045 4292 1173 4356; x_wconf 80' lang='lat' dir='ltr'><strong>ltl5.Virg.</strong></span> 
     </span>
     <span class='ocr_line' id='line_1_48' title="bbox 76 4359 1175 4426; baseline -0.002 -16"><span class='ocrx_word' id='word_1_239' title='bbox 76 4360 174 4422; x_wconf 76' lang='lat' dir='ltr'><strong>oridet,</strong></span> <span class='ocrx_word' id='word_1_240' title='bbox 186 4362 281 4423; x_wconf 84' lang='lat' dir='ltr'><strong>omnia,</strong></span> <span class='ocrx_word' id='word_1_241' title='bbox 293 4376 359 4426; x_wconf 90' lang='lat' dir='ltr'><strong>quae</strong></span> <span class='ocrx_word' id='word_1_242' title='bbox 369 4363 407 4413; x_wconf 89' lang='lat' dir='ltr'><strong>sol</strong></span> <span class='ocrx_word' id='word_1_243' title='bbox 417 4361 528 4413; x_wconf 87' lang='lat' dir='ltr'><strong>illustrat</strong></span> <span class='ocrx_word' id='word_1_244' title='bbox 537 4369 584 4413; x_wconf 86' lang='lat' dir='ltr'><strong>ete.</strong></span> <span class='ocrx_word' id='word_1_245' title='bbox 621 4359 1175 4425; x_wconf 63' lang='lat' dir='ltr'><strong>Georgttlbl:Inlusosqoemcovestes.-</strong></span> 
     </span>
     <span class='ocr_line' id='line_1_49' title="bbox 76 4426 1171 4496; baseline -0.001 -18"><span class='ocrx_word' id='word_1_246' title='bbox 76 4426 97 4480; x_wconf 92' lang='lat' dir='ltr'><strong>le</strong></span> <span class='ocrx_word' id='word_1_247' title='bbox 106 4427 182 4495; x_wconf 80' lang='lat' dir='ltr'><strong>igitur</strong></span> <span class='ocrx_word' id='word_1_248' title='bbox 192 4443 277 4481; x_wconf 84' lang='lat' dir='ltr'><strong>rocem</strong></span> <span class='ocrx_word' id='word_1_249' title='bbox 289 4430 359 4495; x_wconf 78' lang='lat' dir='ltr'><strong>quod</strong></span> <span class='ocrx_word' id='word_1_250' title='bbox 366 4446 412 4496; x_wconf 88' lang='lat' dir='ltr'><strong>pro</strong></span> <span class='ocrx_word' id='word_1_251' title='bbox 424 4430 581 4482; x_wconf 84' lang='lat' dir='ltr'><strong>coniunctio-</strong></span> <span class='ocrx_word' id='word_1_252' title='bbox 620 4430 679 4483; x_wconf 78' lang='lat'><strong>121.</strong></span> <span class='ocrx_word' id='word_1_253' title='bbox 690 4429 829 4494; x_wconf 69' lang='lat' dir='ltr'><strong>accerime]</strong></span> <span class='ocrx_word' id='word_1_254' title='bbox 844 4429 940 4494; x_wconf 80' lang='lat' dir='ltr'><strong>Erang.</strong></span> <span class='ocrx_word' id='word_1_255' title='bbox 955 4428 1048 4482; x_wconf 84' lang='lat' dir='ltr'><strong>Matth.</strong></span> <span class='ocrx_word' id='word_1_256' title='bbox 1058 4429 1134 4491; x_wconf 80' lang='lat' dir='ltr'><strong>xm,</strong></span> <span class='ocrx_word' id='word_1_257' title='bbox 1145 4427 1171 4477; x_wconf 90' lang='grc'><strong>8.</strong></span> 
     </span>
    </p>
   </div>
   <div class='ocr_carea' id='block_1_6' title="bbox 0 0 1388 4852">
    <p class='ocr_par' dir='ltr' id='par_1_6' title="bbox 0 0 1388 4852">
     <span class='ocr_line' id='line_1_50' title="bbox 0 0 1388 4852; baseline 0 0"><span class='ocrx_word' id='word_1_258' title='bbox 0 0 1388 4852; x_wconf 95' lang='lat' dir='ltr'><strong> </strong></span> 
     </span>
    </p>
   </div>
  </div>
 </body>
</html>
