2744 4852
120 247 183 317 1211
409 326 413 331 ¹
522 247 593 309 Aur.
611 246 758 310 Prudeotli
776 247 866 310 Cleua.

204 415 359 497 Luxuria,
377 415 531 481 exllnctaa
546 415 716 482 iamdudum
733 415 858 501 prodiga
875 415 988 490 lautae,

204 499 345 564 Delibuta
364 521 479 581 comas,
498 500 592 564 oculis
609 520 704 584 vaga,
724 501 865 582 languida
882 520 974 574 voce,

205 585 328 649 Perdita
346 586 476 664 deliciis,
495 585 577 651 vitae
595 585 644 648 cni
661 605 751 648 causa
769 585 907 668 voluptas

205 670 362 734 Elumbenr
379 670 496 734 mollire
513 670 661 744 animum,
680 669 849 752 petulanter
865 687 1008 732 amoenas

122 775 171 828 315
207 755 339 818 Η333ἰ33
356 754 524 819 inlecebras
541 765 573 819 et
589 756 703 818 fractos
720 754 838 816 solvere
856 773 974 816 sensus.

205 842 253 904 Ac
270 850 342 903 tuuc
360 839 534 924 pervigilem
551 838 689 903 ructabat
705 837 836 901 marcida
854 858 995 901 33333333

206 923 269 990 Sub
288 925 383 989 lucem
401 924 471 1008 quia
488 926 567 988 forte
583 924 687 987 iacens
704 924 740 986 ad
759 923 874 986 fercula
889 942 999 986 raucos

205 1008 354 1073 Audierat
370 1009 461 1073 lituos
478 1019 567 1093 atque
583 1009 653 1072 inde
671 1007 800 1092 tepentia
818 1007 957 1090 linquens

205 1093 334 1170 Pocula,
354 1094 483 1177 lapsanti
500 1114 554 1177 per
570 1093 643 1157 vina
661 1104 691 1156 31
708 1093 842 1155 balsama
860 1112 967 1176 gressu

122 1197 172 1254 320
205 1177 300 1241 Ebria
319 1178 441 1241 calcatis
459 1178 497 1240 ad
514 1178 623 1241 bellum
641 1177 764 1263 donibus
781 1177 852 1240 ibat.

205 1261 279 1327 Non
297 1273 396 1325 tamen
414 1262 464 1326 illa
483 1263 587 1346 pedes,
605 1262 658 1325 sed
676 1282 768 1325 curru
785 1263 906 1326 invecta
922 1270 1052 1325 venusto

207 1346 319 1412 Saucia
337 1347 497 1411 mirantum
516 1346 652 1430 capiebat
668 1348 759 1410 corda
776 1347 923 1411 virorum.

208 1430 236 1496 0
254 1452 333 1496 novo
350 1431 503 1515 pugnandi
520 1430 650 1515 speciesl
671 1452 731 1493 non
750 1431 813 1495 ales
831 1432 945 1495 arundo
964 1498 975 1509 ,

206 1514 313 1580 Neruo
332 1517 416 1600 pulsa
434 1516 527 1599 fugit,
547 1536 603 1578 uec
622 1515 746 1579 stridula
764 1517 868 1579 lancea
887 1526 969 1579 torto

122 1619 172 1674 325
209 1600 329 1665 Emicat
346 1612 482 1679 amento,
502 1603 646 1664 frameam
664 1621 721 1665 nec
738 1602 847 1666 dextra
864 1601 1010 1664 minatur:

209 1684 268 1749 Sed
286 1686 383 1749 violas
401 1685 513 1749 lasciva
531 1685 604 1750 iacit
621 1686 759 1770 foliisque
776 1706 914 1749 rosarum

206 1767 340 1832 Dimicat
356 1781 387 1833 et
404 1770 537 1833 calathos
554 1769 673 1832 inimica
692 1791 746 1852 per
763 1771 883 1852 agmina
901 1769 1009 1832 fundit.
1117 1782 1122 1793 ’

206 1853 282 1917 1333
300 1853 456 1918 eblanditis
473 1854 634 1918 virtutibus
651 1854 760 1918 halitus
777 1855 842 1917 ilex

207 1938 339 2023 Inspirat
355 1949 491 2003 tenerum
510 1939 657 2002 labefacta
676 1959 729 2023 per
747 1958 815 2002 ossa
830 1956 997 2023 uenenum,

123 2039 174 2093 331)
208 2021 251 2086 Idt
268 2023 345 2086 male
363 2024 457 2088 dulcis
475 2026 549 2087 odor
566 2025 668 2086 domat
683 2032 784 2086 ora'et
802 2033 923 2106 pectora
940 2033 972 2085 33
988 2041 1074 2086 arna

207 2106 410 2191 Ferratosque
427 2118 511 2170 toros
528 2108 624 2170 obliso
641 2107 751 2169 robore
768 2107 887 2171 mulcet.

207 2190 351 2256 Deioiunt
366 2193 509 2269 animos,
520 2211 574 2255 ceu
590 2191 663 2256 victi
681 2201 713 2254 et
729 2191 841 2274 spicula
860 2201 973 2273 ponunt

206 2276 365 2360 Turpiter,
386 2276 457 2351 beu,
475 2276 592 2339 dextris
609 2275 820 2358 languentibus
838 2274 1052 2358 obstupefacti,

140 2370 143 2375 '
206 2359 287 2424 Dum
305 2382 426 2425 currum
443 2362 529 2426 varia
548 2380 730 2445 gemmarum
748 2360 814 2423 luce
832 2359 990 2423 micantem

123 2463 173 2515 335
207 2445 374 2522 Mirantur,
393 2447 461 2510 dun't
479 2445 639 2510 bracteolis
657 2445 833 2529 crepitantia
851 2445 931 2520 lora,

207 2529 250 2594 Et
267 2531 361 2594 solido
379 2552 420 2594 ex
438 2552 512 2597 auro
530 2531 654 2615 pretiosi
671 2530 810 2614 ponderis
829 2549 918 2593 axem

206 2612 325 2678 Defixis
343 2615 460 2678 inhiant
477 2615 627 2678 obtutibus
644 2626 676 2678 et
693 2615 843 2677 radiorum

207 2700 346 2782 Argento
364 2699 511 2762 albentem
530 2699 656 2779 seriem,
676 2719 764 2783 quam
782 2717 897 2764 summa
914 2708 1048 2762 rotarum

207 2781 344 2847 Flexura
361 2783 466 2848 electri
482 2784 620 2868 pallentis
637 2784 773 2848 continet
790 2784 873 2848 orbe.

10 2927 13 2931 .
126 2885 175 2937 310
209 2866 327 2931 Etiam
345 2879 453 2933 cuncta
470 2870 551 2933 acies
569 2869 601 2931 in
623 2869 781 2932 deditionis
799 2888 932 2931 amorem

211 2950 324 3036 Sponte
342 2974 396 3016 sua
414 2953 512 3015 versis
529 2953 679 3015 transibat
695 2953 806 3036 perlida
825 2952 936 3035 siguis,
1030 2974 1033 2979 ’

208 3034 367 3100 Luxuriae
384 3037 500 3101 servire
517 3036 623 3100 volens
642 3037 836 3120 dominaeque
854 3037 974 3101 fluentis

208 3120 279 3185 1333
293 3121 359 3269 pati
377 3132 407 3185 et
424 3121 495 3184 laxa
514 3143 678 3206 ganeorum
696 3122 764 3206 lege
781 3122 891 3185 teneri.
1066 3189 1069 3194 ,

310 3208 444 3289 ngemuit
461 3218 521 3269 3333
539 3207 626 3270 triste
644 3209 730 3270 nelas
749 3207 913 3270 fortissima
929 3206 1026 3272 ‘virtus

9 3320 19 3337 ·
124 3306 174 3358 315
210 3288 382 3366 Sobrietas,
402 3292 511 3354 dextro
528 3291 611 3356 socio
629 3293 773 3355 decedere
790 3312 885 3355 cornu

209 3373 415 3457 Invictamque
433 3395 552 3440 manum
571 3378 718 3458 quondam
736 3377 802 3440 sine
820 3377 912 3440 caede
928 3375 1037 3460 perire.

208 3456 362 3523 Vexillum
380 3459 506 3523 sublime
523 3461 637 3534 crucis,
657 3462 733 3544 quod
753 3461 783 3524 in
802 3461 922 3546 agmine
938 3462 1035 3545 primo

158 3559 218 3615 313.
230 3559 471 3612 333133...33333311
481 3558 539 3613 333.
549 3560 656 3625 1333313,
675 3563 768 3615 Heius.
779 3563 856 3630 Gall,
875 3563 1056 3615 omdts...oocc
1068 3561 1086 3615 b
1099 3563 1161 3615 rut.
1172 3569 1223 3616 etc.
1236 3594 1269 3607 -

125 3628 186 3679 313.
198 3627 336 3679 curallob.
346 3631 368 3679 1.
382 3656 417 3666 -
434 3628 494 3682 316.
505 3630 593 3683 Α3Ρ3
603 3630 671 3695 Gis,
681 3630 788 3682 Ithld.
801 3657 837 3667 -
853 3631 1017 3686 323.ala‘iall
1031 3659 1065 3670 -
1081 3632 1142 3686 331.
1152 3631 1270 3684 amun

123 3694 242 3759 133333,
252 3695 341 3748 Neruo
350 3697 463 3815 impulso
472 3698 540 3750 coni.
551 3699 655 3762 Heius„
671 3699 733 3750 Cell.
749 3699 834 3765 [virg.
844 3697 912 3750 Aen.
922 3698 984 3763 xn,
994 3699 1069 3762 aee]
1087 3729 1124 3739 —
1141 3698 1270 3764 msa-n

123 3779 183 3815 moa
191 3763 252 3816 Ald.
262 3764 338 3816 Febr.
349 3765 383 3816 Ce
395 3764 423 3830 l.,
428 3766 568 3830 jecmaam
576 3773 626 3818 333.
644 3799 679 3808 -
693 3765 754 3818 331.
769 3768 841 3817 ebor.
852 3769 977 3832 Rott.11.,
993 3766 1223 3821 3311333130311.
1236 3782 1270 3807 -·-

124 3833 185 3888 332.
194 3835 316 3885 luserunt
324 3832 389 3900 3133
397 3833 461 3885 Dav.
471 3833 591 3885 Pulmani
600 3833 674 3886 cdd.:
688 3833 812 3887 Luamra'o
821 3834 964 3887 bucciolas
972 3850 1053 3886 33333
1062 3834 1153 3887 dolato
1161 3838 1271 3887 33333313

123 3901 293 3968 Perpopulos
301 3904 380 3967 iacit,
396 3902 504 3953 utmala
512 3902 619 3954 3333313
633 3902 747 3965 [credita
756 3901 813 3966 alii]
826 3902 908 3955 corda
917 3907 1060 3971 tepescant.
1071 3931 1109 3945 ·-
1121 3902 1184 3957 338.
1193 3916 1272 3971 qm

122 3969 186 4018 P-
195 3970 255 4021 341.
263 3970 369 4037 perdita
380 3969 437 4021 Gis.
446 3997 480 4008 -
488 3970 549 4023 343.
558 3985 670 4034 gaaoor.
679 3968 740 4021 Alc.
751 3998 785 4008 -

123 4064 157 4117 33
168 4073 249 4120 aetate
262 4069 352 4122 mnndi
366 4068 399 4119 ad
412 4082 534 4120 occasum
548 4076 675 4137 vergente,
712 4071 733 4120 Ι.
744 4070 878 4136 13189.-
887 4072 947 4124 317.
959 4071 1049 4135 Orac]
1058 4073 1098 4123 lle
1106 4082 1195 4135 eruca,
1204 4084 1272 4141 qnae

123 4139 149 4186 et
166 4133 209 4184 3111
226 4134 298 4187 aliter
314 4136 475 4203 intellegunt.
502 4136 553 4188 Sed
566 4138 675 4188 Romam
711 4138 1164 4204 3313313313331333131133311133333
1199 4152 1273 4192 resa

122 4206 200 4266 caput
216 4202 317 4267 imperil
335 4204 512 4265 occidentalis,
532 4203 578 4256 ubl
600 4204 676 4256 luxus
711 4205 1176 4269 3331,33.3.1,1114.487.1233313311.
1200 4214 1271 4259 3331.

123 4268 199 4320 sedes
208 4275 274 4330 3333,
289 4277 391 4335 poetam
404 4270 528 4334 indicare,
545 4272 612 4325 bane
625 4274 675 4324 inm
710 4276 733 4336 1,
743 4275 786 4329 15.
797 4276 870 4340 lips.
885 4275 918 4327 de
930 4288 1005 4328 cruce
1014 4277 1063 4338 111,
1082 4275 1124 4328 lb.
1135 4274 1182 4329 111.
1195 4274 1273 4329 (1333-

121 4334 285 4399 33333313,
296 4336 329 4387 el.
340 4338 469 4391 Suebae:
489 4339 674 4392 Gascbicbten.
711 4355 761 4398 sor.
772 4342 894 4411 333311,
905 4345 946 4399 18.
957 4345 1028 4397 11331.
1039 4343 1058 4396 l.
1068 4345 1087 4397 1.
1099 4358 1125 4412 p.
1138 4343 1201 4398 1113.

121 4401 382 4457 Β33313313.3.83333
390 4406 676 4474 11333111333333838)
1197 4434 1202 4443 ·
