<?xml version="1.0" encoding="UTF-8"?>
<!DOCTYPE html PUBLIC "-//W3C//DTD XHTML 1.0 Transitional//EN"
    "http://www.w3.org/TR/xhtml1/DTD/xhtml1-transitional.dtd">
<html xmlns="http://www.w3.org/1999/xhtml" xml:lang="en" lang="en">
 <head>
  <title>
</title>
<meta http-equiv="Content-Type" content="text/html;charset=utf-8" />
  <meta name='ocr-system' content='tesseract 3.04.00' />
  <meta name='ocr-capabilities' content='ocr_page ocr_carea ocr_par ocr_line ocrx_word'/>
</head>
<body>
  <div class='ocr_page' id='page_1' title='image "./carmina00obbagoog_0135.png"; bbox 0 0 2744 4852; ppageno 0'>
   <div class='ocr_carea' id='block_1_1' title="bbox 109 206 852 324">
    <p class='ocr_par' dir='ltr' id='par_1_1' title="bbox 109 206 852 324">
     <span class='ocr_line' id='line_1_1' title="bbox 109 206 852 324; baseline -0.015 -1"><span class='ocrx_word' id='word_1_1' title='bbox 109 259 152 324; x_wconf 74' lang='lat'><strong>72</strong></span> <span class='ocrx_word' id='word_1_2' title='bbox 495 206 578 316; x_wconf 71' lang='lat' dir='ltr'><strong>dur.</strong></span> <span class='ocrx_word' id='word_1_3' title='bbox 599 252 852 316; x_wconf 79' lang='lat' dir='ltr'><strong>Prudentli&#39;sslem.</strong></span> 
     </span>
    </p>
   </div>
   <div class='ocr_carea' id='block_1_2' title="bbox 86 416 1138 3626">
    <p class='ocr_par' dir='ltr' id='par_1_2' title="bbox 86 416 1138 3626">
     <span class='ocr_line' id='line_1_2' title="bbox 197 416 995 503; baseline -0.009 -15"><span class='ocrx_word' id='word_1_4' title='bbox 197 422 360 489; x_wconf 87' lang='lat' dir='ltr'><strong>Momentis</strong></span> <span class='ocrx_word' id='word_1_5' title='bbox 376 423 497 499; x_wconf 89' lang='lat' dir='ltr'><strong>latices,</strong></span> <span class='ocrx_word' id='word_1_6' title='bbox 515 441 571 486; x_wconf 91' lang='lat' dir='ltr'><strong>nec</strong></span> <span class='ocrx_word' id='word_1_7' title='bbox 589 422 710 485; x_wconf 87' lang='lat' dir='ltr'><strong>ductum</strong></span> <span class='ocrx_word' id='word_1_8' title='bbox 726 439 845 503; x_wconf 85' lang='lat' dir='ltr'><strong>semper</strong></span> <span class='ocrx_word' id='word_1_9' title='bbox 862 416 995 481; x_wconf 85' lang='lat' dir='ltr'><strong>anhelet:</strong></span> 
     </span>
     <span class='ocr_line' id='line_1_3' title="bbox 198 501 1000 589; baseline -0.011 -15"><span class='ocrx_word' id='word_1_10' title='bbox 198 509 259 574; x_wconf 85' lang='lat' dir='ltr'><strong>Sed</strong></span> <span class='ocrx_word' id='word_1_11' title='bbox 276 509 342 572; x_wconf 85' lang='lat' dir='ltr'><strong>viee</strong></span> <span class='ocrx_word' id='word_1_12' title='bbox 361 508 501 572; x_wconf 85' lang='lat' dir='ltr'><strong>distincta</strong></span> <span class='ocrx_word' id='word_1_13' title='bbox 517 507 621 589; x_wconf 88' lang='lat' dir='ltr'><strong>largos</strong></span> <span class='ocrx_word' id='word_1_14' title='bbox 638 501 722 569; x_wconf 88' lang='lat' dir='ltr'><strong>lacus</strong></span> <span class='ocrx_word' id='word_1_15' title='bbox 740 505 849 588; x_wconf 83' lang='lat' dir='ltr'><strong>accipit</strong></span> <span class='ocrx_word' id='word_1_16' title='bbox 866 503 1000 566; x_wconf 89' lang='lat' dir='ltr'><strong>baustus.</strong></span> 
     </span>
     <span class='ocr_line' id='line_1_4' title="bbox 198 587 999 675; baseline -0.009 -19"><span class='ocrx_word' id='word_1_17' title='bbox 198 592 330 675; x_wconf 82' lang='lat' dir='ltr'>Agmina</span> <span class='ocrx_word' id='word_1_18' title='bbox 348 594 541 674; x_wconf 77' lang='lat' dir='ltr'><strong>languentum</strong></span> <span class='ocrx_word' id='word_1_19' title='bbox 559 591 665 654; x_wconf 88' lang='lat' dir='ltr'><strong>sitiunt</strong></span> <span class='ocrx_word' id='word_1_20' title='bbox 681 610 764 672; x_wconf 91' lang='lat' dir='ltr'><strong>spem</strong></span> <span class='ocrx_word' id='word_1_21' title='bbox 781 589 874 651; x_wconf 80' lang='lat' dir='ltr'><strong>fontis</strong></span> <span class='ocrx_word' id='word_1_22' title='bbox 891 587 999 663; x_wconf 85' lang='lat' dir='ltr'><strong>avari,-</strong></span> 
     </span>
     <span class='ocr_line' id='line_1_5' title="bbox 197 674 945 758; baseline -0.009 -17"><span class='ocrx_word' id='word_1_23' title='bbox 197 676 403 741; x_wconf 86' lang='lat' dir='ltr'><strong>Membrorum</strong></span> <span class='ocrx_word' id='word_1_24' title='bbox 421 676 554 739; x_wconf 81' lang='lat' dir='ltr'><strong>maculas</strong></span> <span class='ocrx_word' id='word_1_25' title='bbox 571 695 646 758; x_wconf 87' lang='lat' dir='ltr'><strong>puro</strong></span> <span class='ocrx_word' id='word_1_26' title='bbox 663 674 814 738; x_wconf 81' lang='lat' dir='ltr'><strong>abluitura</strong></span> <span class='ocrx_word' id='word_1_27' title='bbox 830 683 945 735; x_wconf 89' lang='lat' dir='ltr'><strong>natatu.</strong></span> 
     </span>
     <span class='ocr_line' id='line_1_6' title="bbox 114 757 1028 842; baseline -0.015 -10"><span class='ocrx_word' id='word_1_28' title='bbox 114 781 164 832; x_wconf 78' lang='lat' dir='ltr'><strong>oso</strong></span> <span class='ocrx_word' id='word_1_29' title='bbox 199 758 346 826; x_wconf 83' lang='lat' dir='ltr'><strong>Certatim</strong></span> <span class='ocrx_word' id='word_1_30' title='bbox 364 762 481 825; x_wconf 90' lang='lat' dir='ltr'><strong>interea</strong></span> <span class='ocrx_word' id='word_1_31' title='bbox 496 757 614 823; x_wconf 87' lang='lat' dir='ltr'><strong>roranti</strong></span> <span class='ocrx_word' id='word_1_32' title='bbox 634 759 749 842; x_wconf 78' lang='lat' dir='ltr'><strong>pumice</strong></span> <span class='ocrx_word' id='word_1_33' title='bbox 766 777 876 820; x_wconf 89' lang='lat' dir='ltr'><strong>raucas</strong></span> <span class='ocrx_word' id='word_1_34' title='bbox 1022 766 1028 774; x_wconf 81' lang='grc'><em>“</em></span> 
     </span>
     <span class='ocr_line' id='line_1_7' title="bbox 179 842 1025 930; baseline -0.008 -21"><span class='ocrx_word' id='word_1_35' title='bbox 179 845 372 930; x_wconf 77' lang='lat' dir='ltr'><strong>&#39;Expectant</strong></span> <span class='ocrx_word' id='word_1_36' title='bbox 388 846 558 923; x_wconf 70' lang='lat' dir='ltr'><strong>scatebras,</strong></span> <span class='ocrx_word' id='word_1_37' title='bbox 577 855 610 907; x_wconf 91' lang='lat' dir='ltr'><strong>et</strong></span> <span class='ocrx_word' id='word_1_38' title='bbox 626 843 707 906; x_wconf 89' lang='lat' dir='ltr'><strong>sicco</strong></span> <span class='ocrx_word' id='word_1_39' title='bbox 725 842 860 924; x_wconf 81' lang='lat' dir='ltr'><strong>margine</strong></span> <span class='ocrx_word' id='word_1_40' title='bbox 878 843 1025 924; x_wconf 83' lang='lat' dir='ltr'><strong>pendent·¹</strong></span> 
     </span>
     <span class='ocr_line' id='line_1_8' title="bbox 173 925 1128 1015; baseline -0.007 -21"><span class='ocrx_word' id='word_1_41' title='bbox 173 996 177 1011; x_wconf 64' lang='grc'><em>,</em></span> <span class='ocrx_word' id='word_1_42' title='bbox 200 930 267 994; x_wconf 87' lang='lat' dir='ltr'><strong>lloe</strong></span> <span class='ocrx_word' id='word_1_43' title='bbox 285 931 387 993; x_wconf 87' lang='lat' dir='ltr'><strong>limum</strong></span> <span class='ocrx_word' id='word_1_44' title='bbox 404 929 487 992; x_wconf 89' lang='lat' dir='ltr'><strong>iubet</strong></span> <span class='ocrx_word' id='word_1_45' title='bbox 502 929 664 1015; x_wconf 90' lang='lat' dir='ltr'><strong>inpositum</strong></span> <span class='ocrx_word' id='word_1_46' title='bbox 681 926 718 989; x_wconf 85' lang='lat' dir='ltr'><strong>de</strong></span> <span class='ocrx_word' id='word_1_47' title='bbox 737 929 819 988; x_wconf 84' lang='lat' dir='ltr'><strong>fonte</strong></span> <span class='ocrx_word' id='word_1_48' title='bbox 837 925 933 989; x_wconf 86' lang='lat' dir='ltr'><strong>lavari</strong></span> <span class='ocrx_word' id='word_1_49' title='bbox 1113 992 1128 1006; x_wconf 52' lang='lat'><strong>,</strong></span> 
     </span>
     <span class='ocr_line' id='line_1_9' title="bbox 156 1009 1038 1093; baseline -0.008 -13"><span class='ocrx_word' id='word_1_50' title='bbox 156 1024 158 1028; x_wconf 70' lang='grc'><em>”</em></span> <span class='ocrx_word' id='word_1_51' title='bbox 199 1013 340 1079; x_wconf 86' lang='lat' dir='ltr'><strong>Christus</strong></span> <span class='ocrx_word' id='word_1_52' title='bbox 356 1025 388 1077; x_wconf 90' lang='lat' dir='ltr'><strong>et</strong></span> <span class='ocrx_word' id='word_1_53' title='bbox 404 1013 504 1076; x_wconf 87' lang='lat' dir='ltr'><strong>inlusa</strong></span> <span class='ocrx_word' id='word_1_54' title='bbox 520 1013 635 1078; x_wconf 89' lang='lat' dir='ltr'><strong>vultum</strong></span> <span class='ocrx_word' id='word_1_55' title='bbox 654 1011 861 1093; x_wconf 80' lang='lat' dir='ltr'><strong>splendescere</strong></span> <span class='ocrx_word' id='word_1_56' title='bbox 879 1009 957 1074; x_wconf 85' lang='lat' dir='ltr'><strong>lune.</strong></span> <span class='ocrx_word' id='word_1_57' title='bbox 1033 1024 1038 1029; x_wconf 76' lang='grc'><strong><em>’</em></strong></span> 
     </span>
     <span class='ocr_line' id='line_1_10' title="bbox 199 1096 912 1176; baseline -0.008 -14"><span class='ocrx_word' id='word_1_58' title='bbox 199 1097 300 1163; x_wconf 89' lang='lat' dir='ltr'><strong>Norat</strong></span> <span class='ocrx_word' id='word_1_59' title='bbox 316 1100 396 1161; x_wconf 89' lang='lat' dir='ltr'><strong>enim</strong></span> <span class='ocrx_word' id='word_1_60' title='bbox 414 1097 485 1159; x_wconf 91' lang='lat' dir='ltr'><strong>limo</strong></span> <span class='ocrx_word' id='word_1_61' title='bbox 503 1118 571 1160; x_wconf 90' lang='lat' dir='ltr'><strong>sese</strong></span> <span class='ocrx_word' id='word_1_62' title='bbox 584 1097 768 1159; x_wconf 80' lang='lat' dir='ltr'><strong>informasse</strong></span> <span class='ocrx_word' id='word_1_63' title='bbox 786 1096 912 1176; x_wconf 84' lang='lat' dir='ltr'><strong>liguram</strong></span> 
     </span>
     <span class='ocr_line' id='line_1_11' title="bbox 115 1178 968 1264; baseline -0.013 -11"><span class='ocrx_word' id='word_1_64' title='bbox 115 1203 165 1253; x_wconf 78' lang='lat' dir='ltr'><strong>tto</strong></span> <span class='ocrx_word' id='word_1_65' title='bbox 200 1184 283 1247; x_wconf 83' lang='lat' dir='ltr'><strong>Ante</strong></span> <span class='ocrx_word' id='word_1_66' title='bbox 299 1182 505 1258; x_wconf 85' lang='lat' dir='ltr'><strong>tenebrosam,</strong></span> <span class='ocrx_word' id='word_1_67' title='bbox 526 1181 637 1264; x_wconf 91' lang='lat' dir='ltr'><strong>proprii</strong></span> <span class='ocrx_word' id='word_1_68' title='bbox 655 1180 839 1243; x_wconf 84' lang='lat' dir='ltr'><strong>medicamen</strong></span> <span class='ocrx_word' id='word_1_69' title='bbox 857 1189 888 1242; x_wconf 91' lang='lat' dir='ltr'><strong>et</strong></span> <span class='ocrx_word' id='word_1_70' title='bbox 905 1178 968 1242; x_wconf 89' lang='lat' dir='ltr'><strong>oris</strong></span> 
     </span>
     <span class='ocr_line' id='line_1_12' title="bbox 199 1263 1000 1349; baseline -0.007 -18"><span class='ocrx_word' id='word_1_71' title='bbox 199 1267 358 1331; x_wconf 85' lang='lat' dir='ltr'><strong>Adiecisse</strong></span> <span class='ocrx_word' id='word_1_72' title='bbox 376 1286 472 1343; x_wconf 91' lang='lat' dir='ltr'><strong>novo,</strong></span> <span class='ocrx_word' id='word_1_73' title='bbox 509 1285 579 1328; x_wconf 91' lang='lat' dir='ltr'><strong>uem·</strong></span> <span class='ocrx_word' id='word_1_74' title='bbox 594 1265 719 1349; x_wconf 89' lang='lat' dir='ltr'><strong>primum</strong></span> <span class='ocrx_word' id='word_1_75' title='bbox 735 1265 884 1337; x_wconf 82' lang='lat' dir='ltr'><strong>finxerat,</strong></span> <span class='ocrx_word' id='word_1_76' title='bbox 903 1263 1000 1326; x_wconf 84' lang='lat' dir='ltr'><strong>Adae.</strong></span> 
     </span>
     <span class='ocr_line' id='line_1_13' title="bbox 199 1348 939 1432; baseline -0.005 -18"><span class='ocrx_word' id='word_1_77' title='bbox 199 1350 281 1416; x_wconf 90' lang='lat' dir='ltr'><strong>Nam</strong></span> <span class='ocrx_word' id='word_1_78' title='bbox 298 1351 364 1414; x_wconf 88' lang='lat' dir='ltr'><strong>sine</strong></span> <span class='ocrx_word' id='word_1_79' title='bbox 382 1350 483 1414; x_wconf 90' lang='lat' dir='ltr'><strong>divino</strong></span> <span class='ocrx_word' id='word_1_80' title='bbox 531 1349 623 1412; x_wconf 90' lang='lat' dir='ltr'><strong>omini</strong></span> <span class='ocrx_word' id='word_1_81' title='bbox 642 1349 814 1432; x_wconf 88' lang='lat' dir='ltr'><strong>perflamine</strong></span> <span class='ocrx_word' id='word_1_82' title='bbox 831 1348 939 1411; x_wconf 90' lang='lat' dir='ltr'><strong>summi</strong></span> 
     </span>
     <span class='ocr_line' id='line_1_14' title="bbox 118 1433 912 1518; baseline -0.008 -18"><span class='ocrx_word' id='word_1_83' title='bbox 118 1472 122 1478; x_wconf 58' lang='lat'><em>2</em></span> <span class='ocrx_word' id='word_1_84' title='bbox 199 1436 296 1499; x_wconf 81' lang='lat' dir='ltr'><strong>Arida</strong></span> <span class='ocrx_word' id='word_1_85' title='bbox 313 1446 396 1499; x_wconf 89' lang='lat' dir='ltr'><strong>terra</strong></span> <span class='ocrx_word' id='word_1_86' title='bbox 414 1435 471 1498; x_wconf 86' lang='lat' dir='ltr'><strong>luit</strong></span> <span class='ocrx_word' id='word_1_87' title='bbox 487 1434 560 1496; x_wconf 92' lang='lat' dir='ltr'><strong>nulli</strong></span> <span class='ocrx_word' id='word_1_88' title='bbox 578 1433 661 1518; x_wconf 87' lang='lat' dir='ltr'><strong>prius</strong></span> <span class='ocrx_word' id='word_1_89' title='bbox 678 1444 747 1516; x_wconf 84' lang='lat' dir='ltr'><strong>apta</strong></span> <span class='ocrx_word' id='word_1_90' title='bbox 765 1433 912 1495; x_wconf 86' lang='lat' dir='ltr'><strong>medelae:</strong></span> 
     </span>
     <span class='ocr_line' id='line_1_15' title="bbox 201 1517 936 1604; baseline -0.007 -20"><span class='ocrx_word' id='word_1_91' title='bbox 201 1518 261 1584; x_wconf 86' lang='lat' dir='ltr'><strong>Sed</strong></span> <span class='ocrx_word' id='word_1_92' title='bbox 279 1530 434 1604; x_wconf 88' lang='lat' dir='ltr'><strong>postquam</strong></span> <span class='ocrx_word' id='word_1_93' title='bbox 452 1517 581 1602; x_wconf 89' lang='lat' dir='ltr'><strong>liquidus</strong></span> <span class='ocrx_word' id='word_1_94' title='bbox 599 1518 721 1581; x_wconf 90' lang='lat' dir='ltr'><strong>caelesti</strong></span> <span class='ocrx_word' id='word_1_95' title='bbox 740 1517 863 1602; x_wconf 88' lang='lat' dir='ltr'><strong>spiritus</strong></span> <span class='ocrx_word' id='word_1_96' title='bbox 881 1536 936 1580; x_wconf 89' lang='lat' dir='ltr'><strong>ore</strong></span> 
     </span>
     <span class='ocr_line' id='line_1_16' title="bbox 116 1601 1037 1688; baseline -0.011 -16"><span class='ocrx_word' id='word_1_97' title='bbox 116 1620 165 1674; x_wconf 75' lang='lat' dir='ltr'><strong>ott</strong></span> <span class='ocrx_word' id='word_1_98' title='bbox 201 1605 379 1688; x_wconf 89' lang='lat' dir='ltr'><strong>Virgineam</strong></span> <span class='ocrx_word' id='word_1_99' title='bbox 396 1604 542 1688; x_wconf 84' lang='lat' dir='ltr'><strong>respersit</strong></span> <span class='ocrx_word' id='word_1_100' title='bbox 558 1603 698 1681; x_wconf 81' lang='lat' dir='ltr'><strong>humum,</strong></span> <span class='ocrx_word' id='word_1_101' title='bbox 713 1602 895 1666; x_wconf 86' lang='lat' dir='ltr'><strong>medicabilis</strong></span> <span class='ocrx_word' id='word_1_102' title='bbox 913 1601 966 1663; x_wconf 89' lang='lat' dir='ltr'><strong>illa</strong></span> <span class='ocrx_word' id='word_1_103' title='bbox 983 1610 1037 1663; x_wconf 90' lang='lat' dir='ltr'><strong>est.</strong></span> 
     </span>
     <span class='ocr_line' id='line_1_17' title="bbox 134 1685 949 1769; baseline -0.005 -17"><span class='ocrx_word' id='word_1_104' title='bbox 134 1738 137 1743; x_wconf 25' lang='lat' dir='ltr'>v</span> <span class='ocrx_word' id='word_1_105' title='bbox 201 1687 275 1753; x_wconf 89' lang='lat' dir='ltr'><strong>lude</strong></span> <span class='ocrx_word' id='word_1_106' title='bbox 292 1689 386 1750; x_wconf 87' lang='lat' dir='ltr'><strong>trabit</strong></span> <span class='ocrx_word' id='word_1_107' title='bbox 402 1709 505 1752; x_wconf 89' lang='lat' dir='ltr'><strong>sucum</strong></span> <span class='ocrx_word' id='word_1_108' title='bbox 524 1688 663 1769; x_wconf 86' lang='lat' dir='ltr'><strong>lentoque</strong></span> <span class='ocrx_word' id='word_1_109' title='bbox 682 1688 804 1750; x_wconf 84' lang='lat' dir='ltr'><strong>humore</strong></span> <span class='ocrx_word' id='word_1_110' title='bbox 822 1685 949 1749; x_wconf 86' lang='lat' dir='ltr'><strong>salutem</strong></span> 
     </span>
     <span class='ocr_line' id='line_1_18' title="bbox 201 1770 891 1853; baseline -0.006 -18"><span class='ocrx_word' id='word_1_111' title='bbox 201 1772 307 1835; x_wconf 91' lang='lat' dir='ltr'><strong>lnlinit</strong></span> <span class='ocrx_word' id='word_1_112' title='bbox 322 1772 510 1853; x_wconf 79' lang='lat' dir='ltr'><strong>infunditque</strong></span> <span class='ocrx_word' id='word_1_113' title='bbox 527 1771 605 1833; x_wconf 89' lang='lat' dir='ltr'><strong>diem</strong></span> <span class='ocrx_word' id='word_1_114' title='bbox 621 1771 801 1853; x_wconf 91' lang='lat' dir='ltr'><strong>baptismate</strong></span> <span class='ocrx_word' id='word_1_115' title='bbox 817 1770 891 1832; x_wconf 82' lang='lat' dir='ltr'><strong>lota.</strong></span> 
     </span>
     <span class='ocr_line' id='line_1_19' title="bbox 203 1852 1109 1925; baseline -0.006 -6"><span class='ocrx_word' id='word_1_116' title='bbox 203 1854 320 1920; x_wconf 84' lang='lat' dir='ltr'><strong>Caecus</strong></span> <span class='ocrx_word' id='word_1_117' title='bbox 338 1857 423 1918; x_wconf 92' lang='lat' dir='ltr'><strong>adest</strong></span> <span class='ocrx_word' id='word_1_118' title='bbox 440 1855 534 1919; x_wconf 88' lang='lat' dir='ltr'><strong>oculis</strong></span> <span class='ocrx_word' id='word_1_119' title='bbox 552 1855 611 1918; x_wconf 85' lang='lat' dir='ltr'><strong>ism</strong></span> <span class='ocrx_word' id='word_1_120' title='bbox 630 1852 745 1919; x_wconf 84' lang='lat' dir='ltr'><strong>Christi</strong></span> <span class='ocrx_word' id='word_1_121' title='bbox 762 1875 805 1917; x_wconf 79' lang='lat' dir='ltr'><strong>ex</strong></span> <span class='ocrx_word' id='word_1_122' title='bbox 821 1874 875 1916; x_wconf 91' lang='lat' dir='ltr'><strong>ore</strong></span> <span class='ocrx_word' id='word_1_123' title='bbox 891 1853 1032 1925; x_wconf 83' lang='lat' dir='ltr'><strong>retectis,</strong></span> <span class='ocrx_word' id='word_1_124' title='bbox 1100 1858 1109 1875; x_wconf 84' lang='lat'><strong><em>‘</em></strong></span> 
     </span>
     <span class='ocr_line' id='line_1_20' title="bbox 203 1937 1015 2022; baseline -0.006 -19"><span class='ocrx_word' id='word_1_125' title='bbox 203 1938 302 2022; x_wconf 86' lang='lat' dir='ltr'><strong>Seque</strong></span> <span class='ocrx_word' id='word_1_126' title='bbox 320 1940 383 2002; x_wconf 80' lang='lat' dir='ltr'><strong>luto</strong></span> <span class='ocrx_word' id='word_1_127' title='bbox 401 1951 432 2002; x_wconf 92' lang='lat' dir='ltr'><strong>et</strong></span> <span class='ocrx_word' id='word_1_128' title='bbox 450 1939 552 2003; x_wconf 88' lang='lat' dir='ltr'><strong>nitidis</strong></span> <span class='ocrx_word' id='word_1_129' title='bbox 570 1939 666 2002; x_wconf 88' lang='lat' dir='ltr'><strong>lucem</strong></span> <span class='ocrx_word' id='word_1_130' title='bbox 684 1938 847 2022; x_wconf 88' lang='lat' dir='ltr'><strong>sumpsisse</strong></span> <span class='ocrx_word' id='word_1_131' title='bbox 864 1937 984 2000; x_wconf 88' lang='lat' dir='ltr'><strong>llnentis</strong></span> <span class='ocrx_word' id='word_1_132' title='bbox 1010 1962 1015 1966; x_wconf 94' lang='lat'>·</span> 
     </span>
     <span class='ocr_line' id='line_1_21' title="bbox 86 2022 1107 2121; baseline -0.006 -33"><span class='ocrx_word' id='word_1_133' title='bbox 86 2106 89 2113; x_wconf 23' lang='grc' dir='ltr'>Ι</span> <span class='ocrx_word' id='word_1_134' title='bbox 117 2041 168 2094; x_wconf 82' lang='lat'><strong>700</strong></span> <span class='ocrx_word' id='word_1_135' title='bbox 203 2022 324 2088; x_wconf 87' lang='lat' dir='ltr'><strong>Clamat</strong></span> <span class='ocrx_word' id='word_1_136' title='bbox 341 2034 371 2087; x_wconf 91' lang='lat' dir='ltr'><strong>et</strong></span> <span class='ocrx_word' id='word_1_137' title='bbox 389 2035 540 2087; x_wconf 85' lang='lat' dir='ltr'><strong>auctorem</strong></span> <span class='ocrx_word' id='word_1_138' title='bbox 560 2025 725 2107; x_wconf 84' lang='lat' dir='ltr'><strong>surpelacta</strong></span> <span class='ocrx_word' id='word_1_139' title='bbox 743 2044 798 2121; x_wconf 91' lang='lat' dir='ltr'><strong>per</strong></span> <span class='ocrx_word' id='word_1_140' title='bbox 814 2023 921 2106; x_wconf 91' lang='lat' dir='ltr'><strong>oppida</strong></span> <span class='ocrx_word' id='word_1_141' title='bbox 936 2029 1107 2084; x_wconf 78' lang='lat' dir='ltr'><strong>monstrata:</strong></span> 
     </span>
     <span class='ocr_line' id='line_1_22' title="bbox 202 2107 860 2190; baseline -0.003 -18"><span class='ocrx_word' id='word_1_142' title='bbox 202 2110 367 2172; x_wconf 85' lang='lat' dir='ltr'><strong>Auctorem</strong></span> <span class='ocrx_word' id='word_1_143' title='bbox 384 2108 460 2170; x_wconf 91' lang='lat' dir='ltr'><strong>lucis</strong></span> <span class='ocrx_word' id='word_1_144' title='bbox 478 2107 712 2190; x_wconf 83' lang='lat' dir='ltr'><strong>largitoremque</strong></span> <span class='ocrx_word' id='word_1_145' title='bbox 729 2109 860 2185; x_wconf 83' lang='lat' dir='ltr'><strong>dierum,</strong></span> 
     </span>
     <span class='ocr_line' id='line_1_23' title="bbox 201 2190 932 2274; baseline -0.007 -18"><span class='ocrx_word' id='word_1_146' title='bbox 201 2191 272 2257; x_wconf 92' lang='lat' dir='ltr'><strong>Non</strong></span> <span class='ocrx_word' id='word_1_147' title='bbox 291 2191 482 2274; x_wconf 87' lang='lat' dir='ltr'><strong>dedignatum</strong></span> <span class='ocrx_word' id='word_1_148' title='bbox 498 2190 631 2254; x_wconf 86' lang='lat' dir='ltr'><strong>medicae</strong></span> <span class='ocrx_word' id='word_1_149' title='bbox 648 2190 825 2274; x_wconf 85' lang='lat' dir='ltr'><strong>purgamina</strong></span> <span class='ocrx_word' id='word_1_150' title='bbox 842 2191 932 2272; x_wconf 91' lang='lat' dir='ltr'><strong>aquai</strong></span> 
     </span>
     <span class='ocr_line' id='line_1_24' title="bbox 204 2272 1084 2360; baseline -0.006 -21"><span class='ocrx_word' id='word_1_151' title='bbox 204 2274 339 2360; x_wconf 87' lang='lat' dir='ltr'><strong>Corpore</strong></span> <span class='ocrx_word' id='word_1_152' title='bbox 351 2275 412 2339; x_wconf 89' lang='lat' dir='ltr'><strong>sub</strong></span> <span class='ocrx_word' id='word_1_153' title='bbox 428 2275 549 2359; x_wconf 87' lang='lat' dir='ltr'><strong>proprio</strong></span> <span class='ocrx_word' id='word_1_154' title='bbox 567 2285 737 2338; x_wconf 89' lang='lat' dir='ltr'><strong>monstrare</strong></span> <span class='ocrx_word' id='word_1_155' title='bbox 754 2275 925 2337; x_wconf 86' lang='lat' dir='ltr'><strong>errantibus</strong></span> <span class='ocrx_word' id='word_1_156' title='bbox 943 2272 1058 2355; x_wconf 84' lang='lat' dir='ltr'><strong>aegris.</strong></span> <span class='ocrx_word' id='word_1_157' title='bbox 1078 2320 1084 2333; x_wconf 86' lang='lat'>.</span> 
     </span>
     <span class='ocr_line' id='line_1_25' title="bbox 286 2359 1108 2444; baseline -0.004 -21"><span class='ocrx_word' id='word_1_158' title='bbox 286 2359 410 2424; x_wconf 87' lang='lat' dir='ltr'><strong>Milibns</strong></span> <span class='ocrx_word' id='word_1_159' title='bbox 427 2381 469 2423; x_wconf 87' lang='lat' dir='ltr'><strong>ex</strong></span> <span class='ocrx_word' id='word_1_160' title='bbox 486 2359 587 2423; x_wconf 91' lang='lat' dir='ltr'><strong>multis</strong></span> <span class='ocrx_word' id='word_1_161' title='bbox 605 2359 783 2444; x_wconf 87' lang='lat' dir='ltr'><strong>paucissima</strong></span> <span class='ocrx_word' id='word_1_162' title='bbox 801 2378 935 2443; x_wconf 82' lang='lat' dir='ltr'><strong>quaeque</strong></span> <span class='ocrx_word' id='word_1_163' title='bbox 952 2368 1108 2437; x_wconf 71' lang='lat' dir='ltr'><strong>retexam,</strong></span> 
     </span>
     <span class='ocr_line' id='line_1_26' title="bbox 118 2441 1138 2528; baseline -0.01 -14"><span class='ocrx_word' id='word_1_164' title='bbox 118 2461 170 2516; x_wconf 76' lang='lat' dir='ltr'><strong>tos</strong></span> <span class='ocrx_word' id='word_1_165' title='bbox 203 2441 377 2521; x_wconf 89' lang='lat' dir='ltr'><strong>Summatim</strong></span> <span class='ocrx_word' id='word_1_166' title='bbox 396 2444 546 2528; x_wconf 85' lang='lat' dir='ltr'><strong>relegam,</strong></span> <span class='ocrx_word' id='word_1_167' title='bbox 565 2455 644 2508; x_wconf 90' lang='lat' dir='ltr'><strong>totus</strong></span> <span class='ocrx_word' id='word_1_168' title='bbox 662 2465 738 2527; x_wconf 92' lang='lat' dir='ltr'><strong>qnae</strong></span> <span class='ocrx_word' id='word_1_169' title='bbox 756 2465 818 2508; x_wconf 93' lang='lat' dir='ltr'><strong>non</strong></span> <span class='ocrx_word' id='word_1_170' title='bbox 835 2445 915 2528; x_wconf 90' lang='lat' dir='ltr'><strong>capit</strong></span> <span class='ocrx_word' id='word_1_171' title='bbox 931 2442 1023 2506; x_wconf 87' lang='lat' dir='ltr'><strong>orbis.</strong></span> <span class='ocrx_word' id='word_1_172' title='bbox 1134 2470 1138 2477; x_wconf 92' lang='lat'><strong>·</strong></span> 
     </span>
     <span class='ocr_line' id='line_1_27' title="bbox 203 2528 977 2613; baseline -0.001 -22"><span class='ocrx_word' id='word_1_173' title='bbox 203 2528 343 2612; x_wconf 82' lang='lat' dir='ltr'><strong>Quinque</strong></span> <span class='ocrx_word' id='word_1_174' title='bbox 360 2529 391 2592; x_wconf 91' lang='lat' dir='ltr'><strong>in</strong></span> <span class='ocrx_word' id='word_1_175' title='bbox 410 2530 529 2593; x_wconf 84' lang='lat' dir='ltr'><strong>deserto</strong></span> <span class='ocrx_word' id='word_1_176' title='bbox 547 2550 639 2612; x_wconf 90' lang='lat' dir='ltr'><strong>panes</strong></span> <span class='ocrx_word' id='word_1_177' title='bbox 656 2529 740 2593; x_wconf 89' lang='lat' dir='ltr'><strong>iubet</strong></span> <span class='ocrx_word' id='word_1_178' title='bbox 756 2540 788 2592; x_wconf 93' lang='lat' dir='ltr'><strong>et</strong></span> <span class='ocrx_word' id='word_1_179' title='bbox 803 2529 861 2591; x_wconf 87' lang='lat' dir='ltr'><strong>duo</strong></span> <span class='ocrx_word' id='word_1_180' title='bbox 878 2529 977 2613; x_wconf 90' lang='lat' dir='ltr'><strong>pisces</strong></span> 
     </span>
     <span class='ocr_line' id='line_1_28' title="bbox 202 2613 1011 2696; baseline -0.001 -21"><span class='ocrx_word' id='word_1_181' title='bbox 202 2614 323 2696; x_wconf 89' lang='lat' dir='ltr'><strong>Adponi</strong></span> <span class='ocrx_word' id='word_1_182' title='bbox 340 2613 371 2675; x_wconf 89' lang='lat' dir='ltr'><strong>in</strong></span> <span class='ocrx_word' id='word_1_183' title='bbox 391 2624 506 2696; x_wconf 90' lang='lat' dir='ltr'><strong>pastum</strong></span> <span class='ocrx_word' id='word_1_184' title='bbox 522 2613 653 2696; x_wconf 81' lang='lat' dir='ltr'><strong>populis:</strong></span> <span class='ocrx_word' id='word_1_185' title='bbox 671 2613 721 2696; x_wconf 91' lang='lat' dir='ltr'><strong>qui</strong></span> <span class='ocrx_word' id='word_1_186' title='bbox 739 2613 818 2674; x_wconf 87' lang='lat' dir='ltr'><strong>lorte</strong></span> <span class='ocrx_word' id='word_1_187' title='bbox 835 2613 1011 2695; x_wconf 85' lang='lat' dir='ltr'><strong>magistrum</strong></span> 
     </span>
     <span class='ocr_line' id='line_1_29' title="bbox 203 2695 1001 2780; baseline -0.003 -20"><span class='ocrx_word' id='word_1_188' title='bbox 203 2695 276 2760; x_wconf 91' lang='lat' dir='ltr'><strong>Non</strong></span> <span class='ocrx_word' id='word_1_189' title='bbox 294 2708 458 2761; x_wconf 82' lang='lat' dir='ltr'><strong>revocante</strong></span> <span class='ocrx_word' id='word_1_190' title='bbox 476 2699 554 2760; x_wconf 88' lang='lat' dir='ltr'><strong>lame</strong></span> <span class='ocrx_word' id='word_1_191' title='bbox 572 2697 722 2780; x_wconf 90' lang='lat' dir='ltr'><strong>stipabant</strong></span> <span class='ocrx_word' id='word_1_192' title='bbox 739 2697 868 2780; x_wconf 90' lang='lat' dir='ltr'><strong>undique</strong></span> <span class='ocrx_word' id='word_1_193' title='bbox 886 2707 1001 2779; x_wconf 90' lang='lat' dir='ltr'><strong>septum</strong></span> 
     </span>
     <span class='ocr_line' id='line_1_30' title="bbox 203 2779 988 2869; baseline 0.001 -25"><span class='ocrx_word' id='word_1_194' title='bbox 203 2779 446 2865; x_wconf 81' lang='lat' dir='ltr'><strong>inmemoresque</strong></span> <span class='ocrx_word' id='word_1_195' title='bbox 464 2781 523 2845; x_wconf 90' lang='lat' dir='ltr'><strong>cibi</strong></span> <span class='ocrx_word' id='word_1_196' title='bbox 540 2781 641 2869; x_wconf 76' lang='lat' dir='ltr'><strong>vicos,</strong></span> <span class='ocrx_word' id='word_1_197' title='bbox 660 2781 798 2859; x_wconf 84' lang='lat' dir='ltr'><strong>castella,</strong></span> <span class='ocrx_word' id='word_1_198' title='bbox 816 2783 988 2859; x_wconf 87' lang='lat' dir='ltr'><strong>macellum,</strong></span> 
     </span>
     <span class='ocr_line' id='line_1_31' title="bbox 120 2862 923 2950; baseline -0.004 -16"><span class='ocrx_word' id='word_1_199' title='bbox 120 2883 170 2934; x_wconf 79' lang='lat' dir='ltr'><strong>tto</strong></span> <span class='ocrx_word' id='word_1_200' title='bbox 206 2865 337 2950; x_wconf 82' lang='lat' dir='ltr'><strong>Oppida,</strong></span> <span class='ocrx_word' id='word_1_201' title='bbox 357 2862 507 2940; x_wconf 80' lang='lat' dir='ltr'><strong>mercatus</strong></span> <span class='ocrx_word' id='word_1_202' title='bbox 523 2877 556 2931; x_wconf 92' lang='lat' dir='ltr'><strong>et</strong></span> <span class='ocrx_word' id='word_1_203' title='bbox 572 2866 769 2929; x_wconf 85' lang='lat' dir='ltr'><strong>conciliabula</strong></span> <span class='ocrx_word' id='word_1_204' title='bbox 785 2877 816 2929; x_wconf 92' lang='lat' dir='ltr'><strong>et</strong></span> <span class='ocrx_word' id='word_1_205' title='bbox 833 2867 923 2932; x_wconf 88' lang='lat' dir='ltr'><strong>nrbes</strong></span> 
     </span>
     <span class='ocr_line' id='line_1_32' title="bbox 204 2942 1013 3033; baseline -0.002 -20"><span class='ocrx_word' id='word_1_206' title='bbox 204 2948 413 3033; x_wconf 86' lang='lat' dir='ltr'><strong>Respuerant,</strong></span> <span class='ocrx_word' id='word_1_207' title='bbox 432 2951 525 3030; x_wconf 49' lang='lat' dir='ltr'><strong>largo,</strong></span> <span class='ocrx_word' id='word_1_208' title='bbox 537 2950 670 3013; x_wconf 89' lang='lat' dir='ltr'><strong>contenti</strong></span> <span class='ocrx_word' id='word_1_209' title='bbox 688 2942 827 3033; x_wconf 78' lang='lat' dir='ltr'><strong>dogmate</strong></span> <span class='ocrx_word' id='word_1_210' title='bbox 843 2951 939 3014; x_wconf 84' lang='lat' dir='ltr'><strong>vesci.</strong></span> <span class='ocrx_word' id='word_1_211' title='bbox 964 2990 969 2997; x_wconf 93' lang='lat'><em>-</em></span> <span class='ocrx_word' id='word_1_212' title='bbox 1008 2990 1013 2999; x_wconf 89' lang='lat'>.</span> 
     </span>
     <span class='ocr_line' id='line_1_33' title="bbox 204 3032 1002 3098; baseline -0.003 0"><span class='ocrx_word' id='word_1_213' title='bbox 204 3033 303 3098; x_wconf 89' lang='lat' dir='ltr'><strong>Multa</strong></span> <span class='ocrx_word' id='word_1_214' title='bbox 319 3032 418 3097; x_wconf 90' lang='lat' dir='ltr'><strong>virum</strong></span> <span class='ocrx_word' id='word_1_215' title='bbox 435 3043 530 3096; x_wconf 86' lang='lat' dir='ltr'><strong>strato</strong></span> <span class='ocrx_word' id='word_1_216' title='bbox 548 3034 668 3098; x_wconf 81' lang='lat' dir='ltr'><strong>fervent</strong></span> <span class='ocrx_word' id='word_1_217' title='bbox 685 3034 824 3098; x_wconf 87' lang='lat' dir='ltr'><strong>convivia</strong></span> <span class='ocrx_word' id='word_1_218' title='bbox 842 3037 923 3097; x_wconf 86' lang='lat' dir='ltr'><strong>leno.</strong></span> <span class='ocrx_word' id='word_1_219' title='bbox 999 3066 1002 3071; x_wconf 94' lang='lat'>·</span> 
     </span>
     <span class='ocr_line' id='line_1_34' title="bbox 207 3117 896 3191; baseline -0.004 -8"><span class='ocrx_word' id='word_1_220' title='bbox 207 3117 360 3183; x_wconf 86' lang='lat' dir='ltr'><strong>Centenos</strong></span> <span class='ocrx_word' id='word_1_221' title='bbox 377 3118 466 3182; x_wconf 90' lang='lat' dir='ltr'><strong>simul</strong></span> <span class='ocrx_word' id='word_1_222' title='bbox 482 3118 637 3182; x_wconf 89' lang='lat' dir='ltr'><strong>adcubitus</strong></span> <span class='ocrx_word' id='word_1_223' title='bbox 654 3119 750 3182; x_wconf 91' lang='lat' dir='ltr'><strong>iniere</strong></span> <span class='ocrx_word' id='word_1_224' title='bbox 768 3119 896 3191; x_wconf 87' lang='lat' dir='ltr'><strong>sodales,</strong></span> 
     </span>
     <span class='ocr_line' id='line_1_35' title="bbox 205 3201 1084 3287; baseline -0.002 -20"><span class='ocrx_word' id='word_1_225' title='bbox 205 3201 306 3287; x_wconf 88' lang='lat' dir='ltr'><strong>Seque</strong></span> <span class='ocrx_word' id='word_1_226' title='bbox 324 3206 377 3287; x_wconf 90' lang='lat' dir='ltr'><strong>per</strong></span> <span class='ocrx_word' id='word_1_227' title='bbox 393 3203 567 3267; x_wconf 82' lang='lat' dir='ltr'><strong>innumeras</strong></span> <span class='ocrx_word' id='word_1_228' title='bbox 584 3203 747 3266; x_wconf 78' lang='lat' dir='ltr'><strong>infundunt</strong></span> <span class='ocrx_word' id='word_1_229' title='bbox 762 3202 884 3285; x_wconf 91' lang='lat' dir='ltr'><strong>agmina</strong></span> <span class='ocrx_word' id='word_1_230' title='bbox 900 3223 1039 3282; x_wconf 90' lang='lat' dir='ltr'><strong>mensas,</strong></span> <span class='ocrx_word' id='word_1_231' title='bbox 1080 3216 1084 3225; x_wconf 89' lang='grc'><strong>’</strong></span> 
     </span>
     <span class='ocr_line' id='line_1_36' title="bbox 122 3286 1003 3364; baseline -0.005 -10"><span class='ocrx_word' id='word_1_232' title='bbox 122 3303 170 3354; x_wconf 78' lang='lat'><strong>715</strong></span> <span class='ocrx_word' id='word_1_233' title='bbox 205 3286 378 3364; x_wconf 92' lang='lat' dir='ltr'><strong>Piscicnlis,</strong></span> <span class='ocrx_word' id='word_1_234' title='bbox 396 3288 454 3349; x_wconf 91' lang='lat' dir='ltr'><strong>iam</strong></span> <span class='ocrx_word' id='word_1_235' title='bbox 474 3289 561 3350; x_wconf 90' lang='lat' dir='ltr'><strong>crede</strong></span> <span class='ocrx_word' id='word_1_236' title='bbox 582 3286 691 3363; x_wconf 86' lang='lat' dir='ltr'><strong>Deum,</strong></span> <span class='ocrx_word' id='word_1_237' title='bbox 708 3288 870 3350; x_wconf 88' lang='lat' dir='ltr'><strong>saturanda</strong></span> <span class='ocrx_word' id='word_1_238' title='bbox 889 3288 1003 3350; x_wconf 91' lang='lat' dir='ltr'><strong>duobus</strong></span> 
     </span>
     <span class='ocr_line' id='line_1_37' title="bbox 208 3369 1005 3454; baseline 0.005 -23"><span class='ocrx_word' id='word_1_239' title='bbox 208 3369 251 3432; x_wconf 83' lang='lat' dir='ltr'><strong>Et</strong></span> <span class='ocrx_word' id='word_1_240' title='bbox 287 3370 370 3432; x_wconf 90' lang='lat' dir='ltr'><strong>aucis</strong></span> <span class='ocrx_word' id='word_1_241' title='bbox 389 3381 544 3435; x_wconf 89' lang='lat' dir='ltr'><strong>crescente</strong></span> <span class='ocrx_word' id='word_1_242' title='bbox 563 3370 628 3433; x_wconf 92' lang='lat' dir='ltr'><strong>cibo</strong></span> <span class='ocrx_word' id='word_1_243' title='bbox 647 3392 701 3454; x_wconf 92' lang='lat' dir='ltr'><strong>per</strong></span> <span class='ocrx_word' id='word_1_244' title='bbox 718 3371 868 3454; x_wconf 87' lang='lat' dir='ltr'><strong>fragmina</strong></span> <span class='ocrx_word' id='word_1_245' title='bbox 886 3371 1005 3435; x_wconf 88' lang='lat' dir='ltr'><strong>crustis.</strong></span> 
     </span>
     <span class='ocr_line' id='line_1_38' title="bbox 206 3392 1071 3537; baseline 0.005 -22"><span class='ocrx_word' id='word_1_246' title='bbox 206 3392 348 3517; x_wconf 67' lang='lat' dir='ltr'><strong>Ambesis</strong></span> <span class='ocrx_word' id='word_1_247' title='bbox 366 3454 489 3537; x_wconf 89' lang='lat' dir='ltr'><strong>dapibus</strong></span> <span class='ocrx_word' id='word_1_248' title='bbox 507 3455 677 3518; x_wconf 89' lang='lat' dir='ltr'><strong>cumulatim</strong></span> <span class='ocrx_word' id='word_1_249' title='bbox 696 3456 822 3537; x_wconf 89' lang='lat' dir='ltr'><strong>adgesta</strong></span> <span class='ocrx_word' id='word_1_250' title='bbox 838 3457 1007 3520; x_wconf 92' lang='lat' dir='ltr'><strong>redundant</strong></span> <span class='ocrx_word' id='word_1_251' title='bbox 1068 3508 1071 3513; x_wconf 95' lang='lat'>.</span> 
     </span>
     <span class='ocr_line' id='line_1_39' title="bbox 207 3537 1063 3626; baseline 0.005 -26"><span class='ocrx_word' id='word_1_252' title='bbox 207 3537 352 3618; x_wconf 86' lang='lat' dir='ltr'><strong>Fercula,</strong></span> <span class='ocrx_word' id='word_1_253' title='bbox 372 3539 510 3604; x_wconf 87' lang='lat' dir='ltr'><strong>bissenos</strong></span> <span class='ocrx_word' id='word_1_254' title='bbox 528 3539 670 3603; x_wconf 88' lang='lat' dir='ltr'><strong>micarum</strong></span> <span class='ocrx_word' id='word_1_255' title='bbox 690 3541 816 3605; x_wconf 79' lang='lat' dir='ltr'><strong>niolibus</strong></span> <span class='ocrx_word' id='word_1_256' title='bbox 833 3541 950 3626; x_wconf 92' lang='lat' dir='ltr'><strong>inplent</strong></span> <span class='ocrx_word' id='word_1_257' title='bbox 1058 3576 1063 3581; x_wconf 96' lang='lat'>·</span> 
     </span>
    </p>
   </div>
   <div class='ocr_carea' id='block_1_3' title="bbox 120 3706 1265 3980">
    <p class='ocr_par' dir='ltr' id='par_1_3' title="bbox 120 3706 1265 3980">
     <span class='ocr_line' id='line_1_40' title="bbox 155 3706 1265 3774; baseline 0 -13"><span class='ocrx_word' id='word_1_258' title='bbox 155 3709 224 3772; x_wconf 25' lang='lat' dir='ltr'><strong>osa..</strong></span> <span class='ocrx_word' id='word_1_259' title='bbox 235 3706 370 3759; x_wconf 73' lang='lat' dir='ltr'><strong>oblinitum</strong></span> <span class='ocrx_word' id='word_1_260' title='bbox 387 3707 448 3774; x_wconf 78' lang='lat' dir='ltr'><strong>Aqu</strong></span> <span class='ocrx_word' id='word_1_261' title='bbox 465 3708 527 3765; x_wconf 72' lang='lat' dir='ltr'><strong>Md,</strong></span> <span class='ocrx_word' id='word_1_262' title='bbox 547 3710 602 3762; x_wconf 86' lang='lat' dir='ltr'><strong>Gis.</strong></span> <span class='ocrx_word' id='word_1_263' title='bbox 613 3711 720 3773; x_wconf 70' lang='lat' dir='ltr'><strong>Weitz„</strong></span> <span class='ocrx_word' id='word_1_264' title='bbox 739 3711 857 3763; x_wconf 80' lang='lat' dir='ltr'><strong>additura</strong></span> <span class='ocrx_word' id='word_1_265' title='bbox 870 3712 942 3772; x_wconf 73' lang='lat' dir='ltr'><strong>rut„</strong></span> <span class='ocrx_word' id='word_1_266' title='bbox 961 3709 1045 3762; x_wconf 80' lang='lat' dir='ltr'><strong>abiut.</strong></span> <span class='ocrx_word' id='word_1_267' title='bbox 1058 3708 1214 3765; x_wconf 75' lang='lat' dir='ltr'><strong>Heins.Ar.</strong></span> <span class='ocrx_word' id='word_1_268' title='bbox 1234 3737 1265 3750; x_wconf 87' lang='lat'>-</span> 
     </span>
     <span class='ocr_line' id='line_1_41' title="bbox 123 3776 1263 3847; baseline 0 -19"><span class='ocrx_word' id='word_1_269' title='bbox 123 3779 183 3830; x_wconf 74' lang='grc'><strong>694.</strong></span> <span class='ocrx_word' id='word_1_270' title='bbox 193 3776 294 3844; x_wconf 79' lang='lat' dir='ltr'><strong>liquido</strong></span> <span class='ocrx_word' id='word_1_271' title='bbox 304 3776 423 3828; x_wconf 78' lang='lat' dir='ltr'><strong>caelestis</strong></span> <span class='ocrx_word' id='word_1_272' title='bbox 432 3777 496 3830; x_wconf 86' lang='lat' dir='ltr'><strong>Cell.</strong></span> <span class='ocrx_word' id='word_1_273' title='bbox 507 3807 536 3816; x_wconf 93' lang='lat'><em>-</em></span> <span class='ocrx_word' id='word_1_274' title='bbox 548 3779 609 3833; x_wconf 73' lang='lat'><strong>702.</strong></span> <span class='ocrx_word' id='word_1_275' title='bbox 615 3782 779 3845; x_wconf 80' lang='lat' dir='ltr'><strong>purgamina</strong></span> <span class='ocrx_word' id='word_1_276' title='bbox 788 3783 881 3847; x_wconf 84' lang='lat' dir='ltr'><strong>aquai]</strong></span> <span class='ocrx_word' id='word_1_277' title='bbox 891 3779 959 3831; x_wconf 86' lang='lat' dir='ltr'><strong>coni.</strong></span> <span class='ocrx_word' id='word_1_278' title='bbox 964 3778 1179 3831; x_wconf 84' lang='lat' dir='ltr'><strong>Heins.Tornnis.</strong></span> <span class='ocrx_word' id='word_1_279' title='bbox 1191 3779 1263 3840; x_wconf 80' lang='lat' dir='ltr'><strong>[sirm</strong></span> 
     </span>
     <span class='ocr_line' id='line_1_42' title="bbox 121 3834 1265 3914; baseline 0.002 -18"><span class='ocrx_word' id='word_1_280' title='bbox 121 3845 151 3895; x_wconf 87' lang='lat' dir='ltr'><strong>P.</strong></span> <span class='ocrx_word' id='word_1_281' title='bbox 161 3834 207 3908; x_wconf 79' lang='lat' dir='ltr'><strong>tt,</strong></span> <span class='ocrx_word' id='word_1_282' title='bbox 223 3845 294 3908; x_wconf 85' lang='lat'><strong>30.],</strong></span> <span class='ocrx_word' id='word_1_283' title='bbox 304 3860 455 3913; x_wconf 72' lang='lat' dir='ltr'><strong>pangentes</strong></span> <span class='ocrx_word' id='word_1_284' title='bbox 468 3848 497 3897; x_wconf 82' lang='lat' dir='ltr'><strong>in</strong></span> <span class='ocrx_word' id='word_1_285' title='bbox 505 3845 657 3914; x_wconf 74' lang='lat' dir='ltr'><strong>aeqnpAE,</strong></span> <span class='ocrx_word' id='word_1_286' title='bbox 667 3849 831 3914; x_wconf 77' lang='lat' dir='ltr'><strong>purgamina</strong></span> <span class='ocrx_word' id='word_1_287' title='bbox 844 3863 912 3913; x_wconf 82' lang='lat' dir='ltr'><strong>quae</strong></span> <span class='ocrx_word' id='word_1_288' title='bbox 920 3849 950 3908; x_wconf 87' lang='lat' dir='ltr'><strong>P,</strong></span> <span class='ocrx_word' id='word_1_289' title='bbox 965 3847 1130 3913; x_wconf 75' lang='lat' dir='ltr'><strong>purgamina</strong></span> <span class='ocrx_word' id='word_1_290' title='bbox 1143 3844 1265 3914; x_wconf 75' lang='lat' dir='ltr'><strong>lymphas</strong></span> 
     </span>
     <span class='ocr_line' id='line_1_43' title="bbox 120 3910 1264 3980; baseline 0.004 -18"><span class='ocrx_word' id='word_1_291' title='bbox 120 3910 340 3980; x_wconf 73' lang='lat' dir='ltr'><strong>Aldpnrgemen</strong></span> <span class='ocrx_word' id='word_1_292' title='bbox 348 3917 431 3980; x_wconf 81' lang='lat' dir='ltr'><strong>aquai</strong></span> <span class='ocrx_word' id='word_1_293' title='bbox 439 3920 488 3966; x_wconf 87' lang='lat' dir='ltr'><strong>cet.</strong></span> <span class='ocrx_word' id='word_1_294' title='bbox 498 3944 533 3954; x_wconf 94' lang='lat'>—</span> <span class='ocrx_word' id='word_1_295' title='bbox 545 3913 737 3966; x_wconf 65' lang='lat' dir='ltr'><strong>lotrensem</strong></span> <span class='ocrx_word' id='word_1_296' title='bbox 746 3914 840 3968; x_wconf 78' lang='lat' dir='ltr'><strong>Waltz.</strong></span> <span class='ocrx_word' id='word_1_297' title='bbox 850 3932 884 3954; x_wconf 64' lang='grc'><strong>-’-</strong></span> <span class='ocrx_word' id='word_1_298' title='bbox 898 3915 957 3966; x_wconf 87' lang='grc'><strong>705.</strong></span> <span class='ocrx_word' id='word_1_299' title='bbox 972 3914 1118 3965; x_wconf 80' lang='lat' dir='ltr'><strong>Pntcllntim</strong></span> <span class='ocrx_word' id='word_1_300' title='bbox 1127 3912 1211 3966; x_wconf 79' lang='lat' dir='ltr'><strong>Call:</strong></span> <span class='ocrx_word' id='word_1_301' title='bbox 1226 3932 1264 3967; x_wconf 78' lang='lat' dir='ltr'><strong>re</strong></span> 
     </span>
    </p>
   </div>
   <div class='ocr_carea' id='block_1_4' title="bbox 120 3978 1265 4117">
    <p class='ocr_par' dir='ltr' id='par_1_4' title="bbox 120 3978 1265 4117">
     <span class='ocr_line' id='line_1_44' title="bbox 122 3978 1265 4049; baseline 0.008 -22"><span class='ocrx_word' id='word_1_302' title='bbox 122 3978 222 4044; x_wconf 81' lang='lat' dir='ltr'><strong>legam]</strong></span> <span class='ocrx_word' id='word_1_303' title='bbox 242 3980 356 4034; x_wconf 80' lang='lat' dir='ltr'><strong>AEltsm</strong></span> <span class='ocrx_word' id='word_1_304' title='bbox 371 3980 460 4049; x_wconf 85' lang='lat' dir='ltr'><strong>(Pnt.)</strong></span> <span class='ocrx_word' id='word_1_305' title='bbox 478 3979 763 4047; x_wconf 77' lang='lat' dir='ltr'><strong>ntd.wettz.11etns.,</strong></span> <span class='ocrx_word' id='word_1_306' title='bbox 781 3983 900 4049; x_wconf 81' lang='lat' dir='ltr'><strong>relegens</strong></span> <span class='ocrx_word' id='word_1_307' title='bbox 913 3981 991 4035; x_wconf 85' lang='lat' dir='ltr'><strong>bRat.</strong></span> <span class='ocrx_word' id='word_1_308' title='bbox 1006 3981 1081 4034; x_wconf 84' lang='lat' dir='ltr'><strong>Febr.</strong></span> <span class='ocrx_word' id='word_1_309' title='bbox 1096 3982 1154 4035; x_wconf 87' lang='lat' dir='ltr'><strong>Gis.</strong></span> <span class='ocrx_word' id='word_1_310' title='bbox 1169 3981 1219 4036; x_wconf 68' lang='lat' dir='ltr'><strong>Ar.</strong></span> <span class='ocrx_word' id='word_1_311' title='bbox 1234 4009 1265 4023; x_wconf 88' lang='lat'>-</span> 
     </span>
     <span class='ocr_line' id='line_1_45' title="bbox 120 4042 801 4117; baseline 0.007 -21"><span class='ocrx_word' id='word_1_312' title='bbox 120 4044 283 4103; x_wconf 73' lang='grc' dir='ltr'><strong>713.ἰηνοΑ</strong></span> <span class='ocrx_word' id='word_1_313' title='bbox 294 4080 322 4089; x_wconf 93' lang='grc'><strong>-</strong></span> <span class='ocrx_word' id='word_1_314' title='bbox 334 4047 459 4117; x_wconf 67' lang='grc' dir='ltr'><strong>715.ἰαῃι</strong></span> <span class='ocrx_word' id='word_1_315' title='bbox 467 4046 614 4100; x_wconf 74' lang='grc' dir='ltr'><strong>ἀεώῑιΔ-</strong></span> <span class='ocrx_word' id='word_1_316' title='bbox 794 4042 801 4052; x_wconf 71' lang='grc'><em>“</em></span> 
     </span>
    </p>
   </div>
   <div class='ocr_carea' id='block_1_5' title="bbox 28 4193 1265 4267">
    <p class='ocr_par' dir='ltr' id='par_1_5' title="bbox 28 4193 1265 4267">
     <span class='ocr_line' id='line_1_46' title="bbox 28 4193 1265 4267; baseline 0.005 -20"><span class='ocrx_word' id='word_1_317' title='bbox 28 4222 40 4247; x_wconf 58' lang='lat' dir='ltr'><strong>s</strong></span> <span class='ocrx_word' id='word_1_318' title='bbox 155 4193 675 4267; x_wconf 56' lang='lat' dir='ltr'><strong>testones,t.Sednl.1v,25tt.-</strong></span> <span class='ocrx_word' id='word_1_319' title='bbox 711 4203 863 4254; x_wconf 77' lang='lat' dir='ltr'><strong>ditantibus.</strong></span> <span class='ocrx_word' id='word_1_320' title='bbox 890 4201 1265 4265; x_wconf 69' lang='lat' dir='ltr'><strong>Hneeetconct&#39;b&#39;nbtdadtfcte</strong></span> 
     </span>
    </p>
   </div>
   <div class='ocr_carea' id='block_1_6' title="bbox 121 4261 1266 4403">
    <p class='ocr_par' dir='ltr' id='par_1_6' title="bbox 121 4261 1266 4403">
     <span class='ocr_line' id='line_1_47' title="bbox 121 4261 1266 4332; baseline 0.007 -19"><span class='ocrx_word' id='word_1_321' title='bbox 121 4261 182 4315; x_wconf 79' lang='lat'><strong>⁷05.</strong></span> <span class='ocrx_word' id='word_1_322' title='bbox 200 4263 353 4329; x_wconf 75' lang='lat' dir='ltr'><strong>loamxlll,</strong></span> <span class='ocrx_word' id='word_1_323' title='bbox 370 4270 414 4320; x_wconf 78' lang='lat'><strong>25.</strong></span> <span class='ocrx_word' id='word_1_324' title='bbox 434 4269 568 4332; x_wconf 76' lang='lat' dir='ltr'><strong>cnmtx,</strong></span> <span class='ocrx_word' id='word_1_325' title='bbox 588 4272 675 4323; x_wconf 77' lang='grc'><strong>59.-</strong></span> <span class='ocrx_word' id='word_1_326' title='bbox 709 4287 728 4320; x_wconf 84' lang='lat' dir='ltr'><strong>a</strong></span> <span class='ocrx_word' id='word_1_327' title='bbox 744 4275 871 4325; x_wconf 82' lang='lat' dir='ltr'><strong>conventu</strong></span> <span class='ocrx_word' id='word_1_328' title='bbox 887 4277 914 4324; x_wconf 87' lang='lat' dir='ltr'><strong>et</strong></span> <span class='ocrx_word' id='word_1_329' title='bbox 931 4275 1058 4325; x_wconf 82' lang='lat' dir='ltr'><strong>socictate</strong></span> <span class='ocrx_word' id='word_1_330' title='bbox 1077 4269 1224 4323; x_wconf 67' lang='lat' dir='ltr'><strong>mauman</strong></span> <span class='ocrx_word' id='word_1_331' title='bbox 1240 4273 1266 4321; x_wconf 84' lang='lat' dir='ltr'><strong>s&#39;a</strong></span> 
     </span>
     <span class='ocr_line' id='line_1_48' title="bbox 121 4331 800 4403; baseline 0.012 -21"><span class='ocrx_word' id='word_1_332' title='bbox 121 4331 181 4382; x_wconf 78' lang='lat' dir='ltr'><strong>tto.</strong></span> <span class='ocrx_word' id='word_1_333' title='bbox 193 4332 301 4394; x_wconf 79' lang='lat' dir='ltr'><strong>sancit]</strong></span> <span class='ocrx_word' id='word_1_334' title='bbox 311 4332 404 4384; x_wconf 85' lang='lat' dir='ltr'><strong>lsldor.</strong></span> <span class='ocrx_word' id='word_1_335' title='bbox 413 4336 486 4401; x_wconf 78' lang='lat' dir='ltr'><strong>Orig.</strong></span> <span class='ocrx_word' id='word_1_336' title='bbox 497 4338 554 4400; x_wconf 82' lang='lat' dir='ltr'><strong>XV,</strong></span> <span class='ocrx_word' id='word_1_337' title='bbox 564 4341 595 4395; x_wconf 74' lang='lat' dir='ltr'><strong>tt:</strong></span> <span class='ocrx_word' id='word_1_338' title='bbox 606 4339 677 4403; x_wconf 80' lang='lat' dir='ltr'><strong>Pagi</strong></span> <span class='ocrx_word' id='word_1_339' title='bbox 710 4353 800 4390; x_wconf 77' lang='lat' dir='ltr'><strong>aarum.</strong></span> 
     </span>
    </p>
   </div>
   <div class='ocr_carea' id='block_1_7' title="bbox 120 4399 679 4469">
    <p class='ocr_par' dir='ltr' id='par_1_7' title="bbox 120 4399 679 4469">
     <span class='ocr_line' id='line_1_49' title="bbox 120 4399 679 4469; baseline 0.014 -19"><span class='ocrx_word' id='word_1_340' title='bbox 120 4403 249 4466; x_wconf 78' lang='lat' dir='ltr'><strong>satntaptc</strong></span> <span class='ocrx_word' id='word_1_341' title='bbox 259 4399 387 4466; x_wconf 57' lang='lat' dir='ltr'><strong>cedqficc&#39;s&#39;s</strong></span> <span class='ocrx_word' id='word_1_342' title='bbox 397 4402 455 4453; x_wconf 84' lang='lat' dir='ltr'><strong>loca</strong></span> <span class='ocrx_word' id='word_1_343' title='bbox 464 4405 534 4455; x_wconf 75' lang='lat' dir='ltr'><strong>trater</strong></span> <span class='ocrx_word' id='word_1_344' title='bbox 543 4420 624 4469; x_wconf 78' lang='lat' dir='ltr'><strong>egros</strong></span> <span class='ocrx_word' id='word_1_345' title='bbox 633 4408 679 4458; x_wconf 83' lang='lat' dir='ltr'><strong>bu·</strong></span> 
     </span>
    </p>
   </div>
   <div class='ocr_carea' id='block_1_8' title="bbox 0 0 1387 4852">
    <p class='ocr_par' dir='ltr' id='par_1_8' title="bbox 0 0 1387 4852">
     <span class='ocr_line' id='line_1_50' title="bbox 0 0 1387 4852; baseline 0 0"><span class='ocrx_word' id='word_1_346' title='bbox 0 0 1387 4852; x_wconf 95' lang='lat' dir='ltr'><strong> </strong></span> 
     </span>
    </p>
   </div>
  </div>
 </body>
</html>
