2744 4852
581 274 778 354 ”corrigenda
1197 274 1257 341 311

114 445 186 525 galli
206 444 359 523 gallinacei
378 445 467 504 iuncti
487 455 568 517 siunt,
587 443 673 524 idque
691 444 726 505 ad
745 448 858 505 seriora
875 457 1018 526 tempora,
1039 443 1075 506 ad
1093 446 1258 516 christiana,

113 529 299 591 referendum
318 548 383 589 esso
402 531 550 609 inscriptio
567 543 749 595 151‘10111‘11
767 533 786 591 i.
806 551 832 592 e.
850 537 1008 612 γρηγορεῖτε
1027 531 1078 607 (ci.
1096 549 1170 590 vers.
1185 538 1214 593 8.
1229 542 1260 589 et

112 614 216 677 Matth.
234 615 345 693 Erang,
358 613 451 687 XXV,
468 621 517 678 13.
535 614 625 675 Marc.
639 614 703 686 XV,
718 621 768 679 35.
786 615 857 677 Luc.
867 615 945 688 XXI,
960 621 1024 687 35.)
1043 613 1139 675 docet.
1185 612 1260 675 Calli

113 703 262 759 notionem
278 698 352 779 apud
369 700 546 759 Christianos
565 699 595 760 S.
610 699 771 759 Eucherius
790 699 840 775 (de
859 700 942 761 laude
959 701 1029 780 spir.
1044 701 1126 760 form.
1141 720 1204 779 cap.
1215 702 1259 775 5.)

112 784 160 845 his
181 784 279 845 vorbis
300 784 422 844 indicat:
452 787 534 845 Galli
551 789 669 845 aerariae
692 787 887 864 designantur
904 787 1132 864 praedicatores
1152 788 1259 855 sancti

113 874 169 949 qui
183 873 265 930 cister
281 870 420 930 tenebras
436 873 515 931 ar'tae
529 872 698 948 praesentis
717 873 839 931 student
857 881 1009 931 uenturam
1031 872 1122 930 breem
1136 873 1260 948 praedi·

113 956 211 1015 cando
230 957 318 1034 quasi
332 958 480 1015 cautando
498 958 652 1015 nunciare.
690 958 804 1016 Dicunt
819 958 908 1027 earm,
926 974 989 1016 aaa
1002 958 1177 1033 praecessit,
1196 957 1260 1014 dies

111 1050 212 1099 aetem
230 1043 486 1118 appropaapuauit,
505 1040 665 1100 abiciamus
682 1059 756 1118 ergo
774 1061 866 1119 opera
883 1041 1082 1105 tenebrarum.
1109 1039 1258 1113 Quomodo

112 1124 222 1185 lactum
243 1127 294 1195 sit,
320 1135 351 1183 ut
373 1125 527 1184 Christiani
548 1136 665 1184 veteres
686 1126 858 1185 salvatorem
882 1123 1081 1185 adventantem
1099 1143 1258 1203 suosquce

112 1228 234 1289 sompno
256 1211 429 1269 excitantem
454 1230 516 1269 cum
535 1208 682 1269 Mercurio
706 1211 929 1282 confunderent,
954 1211 989 1271 V.
1011 1210 1060 1269 ille
1082 1210 1258 1270 Perillustris

115 1296 251 1355 Osaaaus
268 1297 310 1354 ita
327 1293 468 1373 explicat:
494 1294 600 1368 „Quod
622 1314 807 1375 personarum
831 1295 985 1355 discrimen
1008 1297 1037 1355 in
1055 1306 1185 1374 prompta
1204 1295 1257 1353 hac

112 1382 261 1439 notionum
280 1390 466 1456 cognatarum
486 1381 654 1440 confusione
673 1381 736 1440 leve
753 1392 803 1440 ant
815 1382 919 1441 nullum
937 1391 991 1443 est.
1027 1380 1099 1441 lluic
1117 1400 1187 1440 vero
1207 1378 1258 1440 de-

114 1464 253 1524 clarando
279 1467 374 1523 sensui
400 1484 457 1523 non
484 1476 600 1543 poterat
625 1466 676 1524 illo
699 1466 877 1526 ethnicorum
900 1466 1030 1546 symbolo
1056 1466 1141 1525 ullum
1164 1468 1258 1544 aptius

113 1568 197 1629 quam
215 1548 352 1609 Mercurii
371 1570 388 1609 a
407 1550 575 1609 Christianis
592 1549 738 1624 adhiberi,
758 1570 820 1609 cam
839 1552 964 1610 muueris
981 1547 1187 1631 ψυχοπόμπου,
1202 1570 1258 1628 quo

113 1633 189 1713 apud
206 1634 273 1693 illos
289 1632 364 1694 idem
383 1636 496 1695 iunctus
514 1637 664 1707 fulcrado
680 1654 742 1693 cum
756 1633 852 1695 divina
865 1637 913 1695 illa
928 1637 1065 1696 facultate
1078 1637 1137 1695 sive
1153 1635 1259 1694 Christi

113 1721 175 1779 sire
193 1720 314 1778 ministri
332 1721 393 1779 eius
415 1721 500 1799 plane
523 1722 679 1780 convenire
701 1720 842 1782 videatur.
884 1719 969 1780 Adde
988 1720 1064 1800 quod
1082 1719 1149 1781 illud
1168 1722 1259 1799 ipsum

113 1804 293 1864 ethnicorum
311 1804 482 1884 symbolum,
503 1826 559 1885 quo
576 1805 722 1864 Mercurio
745 1806 849 1884 gallum
872 1805 949 1866 adici
972 1806 1105 1879 vidimus,
1133 1807 1161 1864 iu
1181 1806 1259 1865 illum

115 1888 340 1949 Christianorum
358 1908 470 1949 sensum
494 1890 629 1950 facillime
653 1893 807 1950 transverti
828 1902 951 1970 poterat.
994 1889 1090 1971 Atque
1109 1910 1144 1950 ea
1163 1900 1258 1949 mento

113 1973 289 2035 Mercurium
307 1976 383 2034 inter
399 1975 528 2054 symbola
546 1995 598 2035 sua
613 1977 791 2036 Christianos
808 1996 912 2036 revera
929 1973 1096 2048 adscivisse,
1115 1978 1199 2035 testis
1213 1985 1259 2034 est

113 2061 227 2139 pictura
245 2061 361 2138 antiqua
379 2059 554 2131 Christiana,
577 2059 614 2120 da
634 2063 715 2120 cuins
736 2072 903 2138 argumento
923 2058 1068 2120 audiamus
1086 2062 1190 2139 ipsum,
1210 2061 1258 2139 qui

113 2164 206 2225 nuper
220 2143 257 2204 de
275 2164 311 2203 ea
326 2145 415 2204 verha
432 2147 516 2216 iecit,
536 2145 848 2206 liaoul·llochette
867 2144 1043 2227 (Antiquities
1058 2145 1257 2215 Chrbtiennes‚

112 2233 261 2310 peintnres
282 2229 334 2289 des
358 2230 540 2289 catacomhes
560 2236 651 2294 1836.
673 2252 701 2310 p.
720 2230 785 2305 59.)
808 2233 849 2290 ita
867 2230 1068 2292 disserentem:
1095 2234 1168 2309 Cinq
1178 2227 1258 2309 sera·

113 2334 173 2375 raes
190 2316 391 2376 aoilbes...et
410 2318 463 2394 qui
477 2319 650 2395 paruissent
668 2318 793 2394 guidbes
815 2337 834 2376 a
852 2337 885 2375 cc
905 2317 1040 2377 tribunal
1056 2336 1116 2395 par
1133 2337 1171 2375 arr
1186 2335 1258 2394 pcr-

113 2420 247 2479 soaaage
264 2397 355 2480 coaffc'
373 2400 461 2460 duae
480 2403 581 2480 aspice
596 2403 632 2460 de
646 2402 751 2479 pilose
770 2412 803 2461 et
813 2412 940 2480 portant
957 2421 1014 2462 uae
1032 2401 1172 2480 boguetle
1191 2401 1210 2460 d
1228 2402 1258 2460 la

114 2488 202 2545 raaia.
246 2489 279 2544 A
295 2505 345 2545 ces
362 2488 451 2545 traits
519 2488 545 2546 il
565 2495 610 2545 est
630 2486 797 2564 impossible
816 2489 851 2545 de
869 2487 1069 2547 mdcoaaailre
1088 2488 1116 2545 le
1130 2506 1259 2564 person·

113 2589 195 2651 auge
210 2572 246 2629 de
260 2573 410 2645 Mercurc,
430 2574 483 2649 qui
496 2572 617 2650 remplit
630 2575 660 2631 si
665 2568 888 2649 srdpaemraeat
901 2592 954 2632 sar
971 2573 1015 2631 les
1032 2569 1211 2648 bus-reliffs
1229 2579 1259 2630 et

112 2656 155 2717 ies
168 2658 324 2734 peculares
335 2653 514 2732 fuabraires
535 2654 641 2733 l'office
663 2657 861 2717 d’aialroduire
883 2678 922 2718 au
945 2657 1080 2718 tribuual
1099 2658 1137 2716 du
1155 2657 1258 2735 couple

112 2737 249 2819 infernal
262 2742 306 2800 les
323 2743 417 2813 ames,
442 2743 592 2820 degagbes
609 2744 645 2799 de
664 2743 729 2801 leur
742 2746 847 2819 prison
865 2743 1016 2811 morielle3
1034 2744 1107 2800 a'est
1122 2743 1140 2799 d
1157 2743 1259 2799 saaoa'r

111 2827 264 2897 uacare,
287 2846 324 2885 ea
346 2846 381 2885 sa
399 2828 512 2904 pauliti
530 2829 566 2884 de
584 2828 801 2905 psychopoaqae
824 2845 894 2886 auec
913 2828 942 2885 ia
961 2825 1114 2900 baguetle,
1139 2818 1256 2906 ῥάβδος,

111 2913 166 2989 pai
180 2914 257 2971 etait
271 2911 424 2970 l’altribat
443 2913 479 2970 de
497 2921 573 2970 cette
582 2909 756 2988 saucla'on.“
798 2911 946 2970 Trihnuali
966 2911 1007 2969 illi
1030 2909 1257 2989 quandoquidem

112 2994 195 3055 Pluto
219 3006 250 3055 et
270 2997 443 3075 Proserpina
467 2996 604 3067 insident,
627 2997 727 3074 quihus
749 2998 880 3073 personis
902 2995 1150 3056 Raoul-llochette
1175 2994 1258 3053 Chri·

112 3090 184 3140 atum
204 3082 323 3159 eiusque
346 3092 462 3139 matrem
486 3080 608 3141 iudicari
632 3083 734 3139 merito
753 3083 927 3160 suspicatur,
951 3101 1008 3139 uon
1030 3091 1126 3159 potest
1143 3079 1258 3158 quidem

111 3164 273 3225 Mercurius
290 3185 343 3243 pro
363 3164 469 3224 Christi
489 3167 577 3244 ipsios
599 3167 681 3245 signo
704 3165 819 3236 haberi,
843 3166 894 3226 sed
917 3165 1019 3226 eodem
1042 3184 1159 3224 munere
1177 3175 1257 3243 patet

112 3269 175 3309 aum
198 3251 245 3310 hic
263 3252 357 3328 iungi,
377 3249 452 3329 quod
472 3270 489 3309 a
507 3250 652 3310 veteribus
675 3253 703 3310 ei
721 3251 856 3310 tributum
879 3252 1021 3323 novimus,
1048 3261 1079 3309 ut
1100 3249 1187 3309 indici
1209 3270 1256 3309 sn-

111 3354 211 3415 premo
238 3336 346 3395 animas
374 3346 548 3394 mortuorum
576 3334 709 3396 adducat.
737 3372 778 3382 —
806 3335 845 3394 At
870 3356 940 3396 vero
968 3336 1105 3395 Mercurii
1132 3355 1257 3414 persona

113 3420 291 3479 Christianos
308 3423 349 3480 ita
368 3440 480 3499 quoque
498 3441 566 3480 nsos
586 3440 665 3492 esse,
689 3432 720 3480 ut
742 3440 815 3500 quae
840 3421 933 3481 officia
955 3421 990 3481 ah
1014 3422 1135 3481 ethnicis
1159 3423 1186 3479 ei
1204 3423 1256 3480 tri·

110 3504 286 3578 buerentur‚
315 3524 350 3564 ea
377 3507 551 3584 argumentis
579 3505 749 3565 Christianis
781 3506 1008 3567 accomodarent
1037 3518 1122 3586 atque
1149 3506 1257 3565 Christi

111 3591 199 3670 ipsius
223 3609 374 3669 personam
398 3610 604 3670 nonnumquam
629 3611 664 3649 eo
687 3592 897 3668 significarent,
923 3612 985 3650 cam
1009 3613 1046 3651 ex
1071 3593 1133 3651 aliis
1157 3611 1256 3649 monu-

111 3676 216 3735 mentis
237 3676 406 3735 Christianis
429 3677 590 3734 luculenter
613 3674 804 3735 demonstrari
827 3689 938 3754 potest,
966 3688 1023 3735 tum
1045 3697 1082 3735 ex
1100 3696 1150 3746 eo,
1180 3673 1256 3754 quod

112 3759 240 3820 Pastoris
263 3760 345 3832 honi,
370 3762 416 3839 qui
440 3759 546 3819 dicitur
569 3762 719 3839 imaginem
747 3761 800 3840 (cl.
818 3760 963 3822 Miinter.
987 3760 1152 3819 christliche
1171 3759 1256 3819 Sinn-

110 3844 205 3905 bilder
223 3845 246 3905 l.
263 3866 292 3925 p.
311 3842 376 3923 lili.)
398 3843 436 3904 ad
459 3846 602 3905 ethnicum
626 3846 785 3926 exemplum
802 3845 940 3906 Mercurii
961 3843 1117 3928 κριοφόρου
1139 3865 1256 3922 compo·

111 3932 193 3989 situm
212 3931 315 4003 fuisse,
341 3940 408 4009 post
425 3949 473 4002 ea,
502 3949 574 4010 quae
602 3929 677 3989 idem
697 3931 962 3990 Raoul·llochetto
989 3941 1073 3989 acute
1091 3929 1254 4008 disputarit,

110 4014 236 4075 dubitari
258 4017 365 4094 nequit.
409 4015 530 4094 Propius
552 4014 590 4075 ad
612 4035 675 4076 rem
699 4027 823 4074 nostram
848 4017 918 4075 iacit
938 4016 1089 4094 inscriptio
1116 4012 1254 4093 quaedam

110 4102 199 4181 Argis
217 4112 343 4179 reperta,
359 4120 430 4179 quae
448 4100 571 4160 iamhico
591 4098 713 4160 disticho
733 4102 939 4180 comprehensa
953 4100 1076 4159 llermaa
1096 4100 1255 4182 subscripta

110 4198 226 4266 putatur
243 4188 292 4261 (of.
312 4186 393 4247 lloss.
412 4186 499 4246 ioscr.
517 4205 614 4265 graec.
633 4184 709 4246 ined.
729 4184 750 4245 l.
768 4206 796 4264 p.
818 4192 866 4249 17.
883 4185 953 4246 Tala.
963 4184 999 4256 V,
1020 4183 1098 4263 bh.):

373 4368 468 4438 Ἑρμῆς
476 4368 563 4429 bisalis
572 4370 648 4434 abab]
658 4369 701 4420 arai
709 4390 740 4430 με
750 4396 783 4410 -
792 4388 808 4420 v
817 4399 849 4407 -

376 4450 460 4522 iarqa'
470 4456 573 4521 blenau
583 4458 633 4507 raia
643 4456 746 4508 danaim
755 4452 896 4520 acidiuorlaJ.
