2744 4852
514 258 517 263 .
555 180 751 279 'Apotheosis

171 362 275 426 duduci
294 362 425 446 species,
445 376 536 446 quent
552 376 586 429 ut
602 367 657 431 sub
676 367 806 448 imagine
824 367 920 431 cerui.

172 448 240 510 Hoc
258 446 391 512 Verbum
411 459 473 529 est,
493 452 571 532 quod
590 451 739 517 vibratum
758 448 857 517 Patris
875 472 929 515 ore
947 452 1078 535 benigno

173 532 307 617 Sumpsit
322 532 461 616 virgineo
480 535 617 618 fragilem
636 536 673 599 de
690 556 816 619 corpora
835 539 973 599 formam.

173 617 247 681 Inde
265 619 361 700 figure
380 618 508 683 hominis
525 620 656 683 noudum
675 619 730 683 sub
749 640 841 687 carue
858 619 961 707 Moysi

173 701 300 766 Obiecta
318 702 447 784 effigiem
466 703 562 767 nostri
580 703 757 787 signaverat
774 704 853 779 uris,

173 786 260 869 Quod
279 788 455 870 quandoque
472 785 557 853 Deus
575 787 669 853 Verbi
688 789 800 853 virtute
818 801 955 857 eoactum

173 872 352 955 Sumpturus
370 892 479 955 eorpus
497 872 605 939 faciem
623 874 777 941 referebat
792 875 938 939 eumdem.

173 957 234 1020 Sed
252 968 351 1019 tamen
370 967 401 1020 et
418 967 534 1021 sentam
551 957 619 1023 visa
636 967 683 1023 est
700 958 803 1021 excita
820 980 956 1025 cremare

173 1041 307 1104 Flamma
325 1040 448 1113 rubum:
468 1040 553 1106 Deus
570 1041 602 1107 iu
620 1041 714 1124 spinis
732 1038 878 1109 volitabat
894 1044 1005 1115 acutis,

113 1192 116 1197 ,
173 1126 398 1208 vulnificasque
415 1147 516 1191 comas
533 1127 677 1191 innoxius
694 1127 775 1209 ignia
793 1127 918 1211 agebat,

173 1209 265 1274 Esset
282 1221 316 1274 ut
333 1210 471 1293 exemplo
487 1209 572 1277 Deus
589 1211 760 1294 inlapsurus
777 1211 809 1275 in
827 1222 913 1279 artus

173 1295 358 1378 spiniferos,
377 1295 500 1359 sudibus
517 1317 593 1378 quoe
610 1307 721 1361 texunt
737 1296 864 1363 crimina
880 1297 982 1361 densis

173 1379 216 1443 Et
232 1390 354 1463 peccata
371 1380 458 1449 malis
475 1381 591 1447 birsute
609 1380 762 1449 doloribus
778 1381 903 1465 inplent.

176 1463 290 1528 inculto
309 1486 377 1527 nem
396 1466 489 1549 stirpe
507 1466 611 1533 frutex
628 1465 755 1535 vitiosus
772 1464 888 1551 iniduis·

175 1548 343 1612 Luxuriam
361 1549 457 1632 virgis
474 1550 633 1615 inhonesto
650 1550 804 1617 effundere
822 1571 895 1613 suco

175 1633 325 1718 Coeperat
342 1644 373 1697 et
391 1635 485 1699 aedos
502 1656 557 1719 per
571 1635 710 1699 acumina
729 1634 835 1699 crebra
851 1633 977 1716 figebat.

176 1717 310 1782 Cernere
328 1729 395 1781 erat
410 1719 532 1783 steriles
548 1719 650 1785 subito
667 1719 874 1802 splendescere
893 1711 1032 1794 frondes,

175 1803 380 1885 Accensisque
398 1804 488 1866 citum
507 1803 587 1867 foliis
605 1824 715 1884 magno
732 1802 833 1884 inpete
850 1803 911 1867 late
1021 1854 1024 1865 .

175 1886 343 1951 Conlueere
362 1886 477 1961 Deum,
496 1908 552 1953 nee
569 1886 674 1969 spinea
692 1885 811 1953 laedere
829 1895 930 1961 texts,

174 1970 324 2036 Lambere
343 1971 527 2054 sanguineos
544 1972 660 2035 fructus
678 1980 709 2035 et
726 1990 813 2052 poma
829 1979 973 2046 cruenta,

174 2055 333 2139 Stringere
351 2054 499 2119 mortiferi
516 2055 623 2121 vitalia
639 2056 775 2136 germina
793 2054 880 2138 tigni.

174 2140 419 2224 Quandoquidem
437 2140 540 2205 tristes
557 2150 726 2224 purgantur
743 2139 890 2223 sanguiue
907 2138 1027 2222 culpae,

175 2226 271 2308 Quem
290 2236 427 2289 curramus
445 2225 538 2291 rubus
555 2225 656 2289 densis
674 2224 856 2291 eruciatibus
873 2224 946 2289 odit.

173 2310 258 2394 Ergo
277 2310 351 2373 nibil
366 2311 480 2387 visum,
500 2308 560 2377 uisi
577 2311 655 2392 quod
672 2309 728 2373 sub
747 2330 838 2375 cerne
855 2309 1028 2384 videndum,

175 2393 291 2459 Lunren
309 2394 409 2479 imago
427 2393 502 2474 Dei,
522 2394 658 2461 Verbum
676 2391 760 2456 Deus
777 2404 809 2459 et
826 2392 910 2457 Deus
928 2393 1028 2475 ignis,

176 2478 235 2561 Qui
252 2490 369 2543 sentum
389 2480 485 2547 nostri
503 2499 662 2564 peccamen
681 2479 815 2562 eorporis
833 2477 942 2561 inplete

174 2563 253 2628 Nam
271 2564 346 2626 lucis
364 2564 500 2646 genitor,
521 2562 617 2630 Verbi
633 2573 734 2643 sator,
754 2573 860 2627 euctar
875 2571 909 2629 et
924 2561 1019 2645 ignis,

176 2647 319 2712 Creditur
336 2660 426 2713 extra
442 2649 562 2725 oeulos,
582 2659 615 2711 nt
632 2648 784 2731 apostolus
803 2648 909 2717 edocet
925 2656 1045 2719 auctor,

175 2732 234 2815 Qui
253 2744 345 2816 negat
361 2733 471 2797 intuitu
489 2734 603 2797 fontem
619 2733 739 2799 deitatis
757 2731 846 2801 odiri«
929 2780 932 2785 -

176 2818 315 2896 Credite,
335 2839 423 2883 nemo
440 2816 538 2887 Deum
557 2815 647 2895 vidit,
666 2815 741 2883 mibi
755 2816 886 2893 credite,
906 2834 1006 2879 nemo.

175 2902 311 2967 Visibifis
328 2903 365 2967 de
383 2903 467 2969 fonte
484 2901 586 2979 Deus,
604 2901 748 2985 nouipse
764 2899 824 2967 Dei
841 2901 910 2963 fons

177 2987 329 3066 Visibilis,
348 2987 433 3051 cerni
449 2986 527 3071 potis
545 2996 611 3063 est,
630 2986 680 3068 qui
697 2986 850 3065 uescitur,
869 2995 903 3047 st
919 3003 979 3046 uon

176 3071 302 3137 innatus
318 3071 401 3135 cerni
418 3072 496 3157 potis
514 3081 576 3139 ests
595 3070 671 3137 latet
685 3091 722 3151 os
738 3068 842 3135 Patris
858 3069 947 3144 illud,

177 3156 262 3221 Unde
281 3155 381 3234 Deus,
398 3156 450 3238 qni
467 3155 615 3223 visibilem
633 3175 666 3217 se
684 3153 834 3236 praestitit
850 3152 938 3230 odim.

175 3241 250 3305 'fale
268 3241 379 3323 aliquid
397 3242 532 3305 formans
548 3237 580 3301 in
598 3258 684 3316 sese,
704 3237 791 3319 quale
809 3245 911 3305 secuto
930 3246 978 3305 est

176 3323 298 3404 Passio,
316 3345 393 3408 quae
410 3345 518 3408 corpus
535 3323 594 3395 sibi
611 3321 760 3389 vindieat:
779 3322 873 3387 ardua
889 3341 958 3387 nam
974 3319 1024 3387 uis

176 3408 233 3473 Est
249 3409 448 3493 inpassibilis,
469 3408 610 3493 quoniam
626 3417 735 3473 nature
750 3406 876 3490 supersi

175 3492 190 3557 l
212 3495 259 3559 nis
278 3496 315 3557 ad
333 3494 490 3561 horrificae
507 3493 605 3559 nescit
622 3493 804 3557 descendere
822 3510 949 3574 peenas,
990 3552 993 3558 .

174 3517 241 3643 tfee
259 3578 340 3663 capit
356 3579 494 3643 humanis
511 3577 675 3662 angoribus
693 3575 880 3649 excruciari,

176 3662 272 3742 Pura,
291 3684 415 3744 serena,
434 3664 566 3742 micans,
585 3661 697 3745 liquido
714 3659 883 3753 praebibero
901 3668 999 3736 motu,

132 3816 170 3869 at.
177 3816 323 3869 emicabat
330 3816 482 3871 MWSicb.
491 3846 527 3858 -
541 3817 584 3869 55.
594 3819 696 3872 eentum
704 3811 766 3866 dtu.
775 3812 833 3864 Gis.
842 3812 879 3864 Π.
887 3811 933 3872 [C.
942 3810 974 3872 V,
985 3808 1044 3870 tit]
1053 3837 1089 3849 --
1101 3804 1145 3859 62.
1156 3803 1238 3855 dracu-

107 3881 227 3941 amsla.
237 3885 296 3937 Gis.
306 3912 340 3923 -
351 3886 393 3936 dd.
402 3884 538 3952 splendore
547 3884 574 3935 Α
581 3912 615 3921 -
626 3883 668 3939 68.
676 3897 807 3948 gaietano
814 3879 880 3933 Δ-
889 3880 932 3930 te.
941 3876 1084 3940 Βαναίου
1091 3871 1151 3925 abm
1160 3869 1237 3925 retr.

107 3945 151 4007 bit·
160 3953 254 4009 Weitz.
262 3953 321 4016 Aa,
331 3953 528 4007 uastarent
537 3952 633 4011 Heius.
643 3978 675 3991 -·
684 3951 729 4003 83.
736 3965 816 4016 quam
824 3950 846 4001 Τ
854 3973 889 3985 -

131 4088 168 4141 55.
177 4088 318 4150 sedtum]
335 4088 416 4145 Erod.
429 4090 476 4150 111,
490 4090 517 4140 2.
535 4087 647 4140 Senten-
679 4082 856 4151 igiturctmm.
873 4093 932 4160 2³¹¹,
941 4090 1028 4158 comas
1040 4074 1088 4127 Dal
1101 4075 1168 4145 iguis
1180 4085 1239 4142 agat

107 4151 142 4205 fit:
158 4158 230 4209 Deus
248 4158 275 4208 tn
294 4158 376 4222 spinis
389 4157 516 4223 apperuit,
536 4155 645 4221 eripuis
679 4151 865 4213 vulnificas,an
876 4143 1239 4226 rubrvulnffueaeobsptpast‘

106 4217 217 4286 femmas,
229 4239 296 4291 quae
305 4224 445 4285 vulnerant,
457 4226 573 4275 lunoxias
582 4236 646 4273 con·
680 4219 789 4285 queant.
798 4245 833 4257 -
845 4215 890 4266 75.
898 4216 970 4264 loen.
980 4211 1000 4264 1.
1011 4213 1028 4265 Ι.
1039 4220 1064 4266 et
1072 4216 1094 4264 1.
1105 4218 1182 4280 epist.
1191 4212 1236 4268 lv.

106 4290 251 4359 turonem
260 4294 379 4344 exseruit.
389 4290 478 4344 Vd-dc
487 4290 569 4343 comis
577 4290 645 4354 ignis
681 4289 736 4347 12..
753 4297 814 4337 nam
832 4282 865 4335 de
877 4281 958 4335 Paulo
976 4281 1008 4334 td
1022 4281 1157 4346 emma
1170 4278 1237 4332 mate

106 4353 184 4413 nunu.
204 4361 246 4425 59,
263 4362 305 4414 78.
329 4363 392 4415 sen.
407 4359 473 4412 Oed.
488 4357 549 4410 311.
576 4357 646 4410 Male
680 4354 789 4420 cogitare
798 4351 887 4418 Arcu,
898 4365 921 4403 t.
933 4352 976 4404 7⁷.
986 4350 1069 4405 docet.
