2744 4852
441 228 542 277 contra
560 215 723 296 Symmacb.
743 217 779 277 ll.

123 382 284 447 blateriem
304 404 470 466 corpusque
487 404 595 468 parens
614 383 774 447 habitabile
791 384 863 448 lecit

125 468 193 554 lpse
211 467 284 547 siti,
304 469 415 551 placito
430 480 464 532 ut
480 469 576 551 possit
591 470 781 551 requiescere
798 469 916 552 templo.

140 584 148 593 ·
211 550 411 617 Condideram
429 555 593 636 perfeetum
611 554 774 617 bominemr
795 564 931 637 spectare
950 574 1079 639 superna
1131 573 1181 625 aco

124 637 320 714 Mandanen,
341 636 412 700 tofis
430 658 610 701 conversum
626 639 764 702 sensibus
781 637 813 700 in
830 658 894 713 me,

124 722 222 786 Recto
241 723 342 785 babitu
359 723 500 804 celsoque
516 723 576 786 situ
594 734 626 786 et
642 722 768 787 sublime
788 733 937 786 tuentem:

124 807 186 871 Sed
203 807 334 890 dispexit
350 806 469 870 humum
486 827 578 889 seque
595 807 753 872 inclinavit
767 809 806 870 ad
824 807 907 871 orbis

124 892 255 956 Divitias
273 891 440 974 pepulitque
458 912 554 964 meunt
572 893 608 956 de
625 903 746 975 pectore
763 912 884 955 numen.
1100 950 1101 955 ,

123 976 340 1040 Restituendns
357 987 425 1039 erat
440 977 587 1050 mihimet,
607 977 773 1040 submissus
790 977 822 1039 in
839 976 921 1040 illum
1013 1040 1016 1045 ,
1131 993 1180 1046 265

123 1061 254 1145 Spiritus
271 1061 335 1144 ipse
353 1081 436 1123 meus
454 1061 609 1124 descendit
624 1073 656 1125 et
672 1061 753 1125 edita
769 1061 840 1124 limo

124 1145 251 1211 Viscera
271 1145 379 1209 divinis
397 1146 556 1211 virtutibus
572 1145 761 1210 informavit:

125 1230 249 1313 Iamque
267 1229 414 1293 bominem
432 1231 617 1314 adsumptum
635 1250 768 1295 summus
785 1227 870 1293 Deus
886 1228 918 1293 in
937 1228 1075 1292 deitatem

122 1315 294 1379 Transtulit
311 1336 345 1377 ae
363 1326 469 1379 nostro
487 1315 588 1379 docuit
604 1316 790 1379 recalescere
809 1315 898 1377 cultu.

209 1398 296 1463 Scire
313 1399 416 1474 velim,
434 1410 593 1483 praecepta
604 1398 705 1464 Patris
723 1399 830 1482 quibus
848 1397 972 1474 auribus
990 1397 1063 1461 baec
1082 1408 1113 1460 tu
1131 1415 1180 1465 tto

123 1484 279 1567 Accipias,
297 1483 393 1547 ltalae
411 1506 520 1548 censor
537 1485 709 1548 doctissime
727 1484 837 1567 gentis.

125 1572 175 1631 An
193 1579 325 1633 veterem
345 1580 459 1632 tantum
478 1589 590 1633 morem
608 1569 728 1632 ratione
744 1568 849 1631 relicta

123 1652 238 1737 Eligis,
256 1663 288 1717 et
305 1653 363 1717 dici
380 1653 410 1715 id
429 1654 540 1736 patitur
555 1653 699 1737 sapientis
717 1672 841 1717 acumen

124 1737 341 1821 Ingeniumque
360 1738 436 1801 viril
453 1738 552 1821 potior
569 1738 640 1801 mibi
658 1736 803 1821 pristinus
821 1747 868 1801 est
884 1758 963 1808 mos,

78 1830 83 1840 '
124 1821 222 1904 Quam
240 1823 290 1886 via
308 1823 454 1897 iustitiae,
475 1824 570 1907 pietas
587 1843 675 1906 quam
693 1822 809 1905 prodita
828 1821 928 1899 caelo,
1133 1837 1181 1886 ato

124 1908 281 1990 Quamque
298 1907 371 1971 tides
388 1907 471 1983 veri,
488 1918 590 1971 rectae
608 1928 696 1988 quam
712 1906 818 1989 regula
836 1916 949 1969 sectae.

210 1990 244 2056 Si
262 1991 402 2074 quidquid
418 1991 542 2055 rudibus
560 1991 662 2054 mundi
679 1990 832 2055 nascentis
849 1991 880 2052 in
899 1990 987 2052 anuis

125 2073 195 2139 Mos
214 2074 333 2148 babuit,
352 2087 457 2139 sancte
474 2076 574 2140 colere
590 2095 626 2139 ac
643 2095 767 2139 servare
785 2095 909 2163 necesse
926 2085 989 2138 est:

124 2158 222 2225 Omne
240 2160 431 2224 revolvamus
448 2180 504 2223 sua
520 2181 575 2243 per
591 2160 720 2243 vestigia
737 2160 849 2223 seclum

103 2238 227 2326 'Usque
245 2245 283 2306 ad
301 2244 491 2328 principium,
510 2245 628 2329 placeat
644 2245 805 2328 dampnare
823 2243 987 2327 gradatim,
1132 2260 1182 2311 tao

126 2329 277 2412 Quidquid
295 2329 443 2413 posterius
460 2349 619 2394 successor
635 2329 767 2414 repperit
784 2349 868 2392 usus.

121 2413 208 2479 Orbe
226 2435 305 2478 novo
324 2413 398 2476 nulli
415 2413 594 2496 subigebant
610 2434 686 2478 arva
703 2413 815 2477 coloni:

124 2497 204 2583 Quid
224 2498 281 2561 sibi
298 2508 402 2562 aratra
419 2498 539 2577 volunt,
558 2499 627 2581 quid
645 2518 718 2562 cura
733 2497 884 2581 superllua
900 2495 1011 2560 rastri?

122 2582 231 2666 llignis
248 2583 354 2646 melius
373 2593 527 2647 saturatur
544 2583 702 2682 glandibus
718 2583 817 2647 alvus.
1185 2638 1191 2643 .

125 2666 221 2731 Primi
238 2667 373 2733 homiues
391 2668 494 2732 cuneis
512 2669 688 2731 scindebant
704 2667 797 2731 fissile
814 2666 941 2750 lignum:
1134 2682 1183 2733 ‘tas

123 2751 282 2835 Decoquat
298 2752 329 2814 iu
347 2773 477 2815 massam
495 2753 616 2817 fervens
634 2752 775 2816 strictura
793 2771 931 2815 securem

85 2833 92 2843 “
124 2835 245 2900 Rursus
263 2847 294 2900 et
310 2838 348 2899 ad
367 2836 518 2920 proprium
534 2835 757 2901 restillet'vena
772 2834 938 2898 metallum.

124 2921 268 2986 Induvias
286 2941 393 2985 eaesae
410 2921 538 3005 pecudes
555 2932 587 2984 et
602 2921 713 3003 frigida
730 2941 839 3005 parvas

124 3005 294 3070 Praebebat
311 3006 453 3089 spelunca
470 3007 589 3080 domos,
607 3008 765 3070 redeamus
782 3006 820 3069 ad
839 3013 943 3077 antra,

124 3090 257 3154 Pellibus
274 3090 384 3155 insutis
401 3090 496 3155 hirtos
513 3111 667 3155 sumamus
683 3090 821 3153 amictus.
1135 3103 1184 3157 296

126 3175 270 3239 inmanes
288 3175 437 3259 quondam
454 3176 555 3260 populi
573 3175 693 3253 feritate
711 3175 835 3238 subacta

124 3259 273 3341 Edomiti‚
290 3261 350 3324 iam
368 3261 455 3324 triste
472 3261 604 3325 fremant
619 3260 786 3342 iterumque
806 3256 918 3321 ferinos

125 3344 162 3408 ln
180 3367 279 3410 mores
297 3346 422 3409 redeant
439 3355 528 3429 atque
545 3345 582 3408 ad
601 3364 655 3409 sua
673 3342 772 3430 prisca
789 3350 962 3407 recurrant

109 3429 307 3525 xPraecipitat
323 3429 465 3518 Scythica
485 3430 605 3495 iuvenis
621 3427 731 3516 pietate
748 3428 861 3505 victum

78 3564 744 3632 258.parauaamabld.:dubitabileAEa‚gl.R-
752 3558 1184 3631 aaa.p0oetttts.tr.-2tt.ot-

78 3633 285 3685 waimerum.
296 3634 390 3685 Weitz.
408 3662 442 3674 -
458 3636 519 3691 262.
530 3635 652 3686 otomlt
667 3663 702 3675 --
718 3632 780 3686 263.
790 3633 894 3698 disper.
903 3630 1006 3692 bnon,
1015 3645 1085 3695 resp.
1095 3626 1181 3689 Febr„

78 3718 113 3769 p.
123 3708 173 3754 cet.
183 3731 218 3741 -
226 3703 286 3755 261.
296 3717 389 3753 nomen
398 3701 424 3752 A
432 3729 466 3740 -
478 3705 539 3757 272.
549 3707 665 3752 aeterum
674 3721 692 3752 α
701 3698 773 3763 Δ16.,
784 3696 963 3751 tantummodo
972 3712 1028 3747 rem
1036 3696 1094 3747 BW
1102 3694 1183 3744 Basll.

78 3770 132 3832 lb„
147 3774 257 3821 mortem
270 3769 297 3822 Α
313 3801 348 3810 -
362 3769 424 3823 ata.
442 3770 472 3821 id
483 3784 536 3822 om.
549 3771 684 3834 Tfletns„
698 3782 751 3821 non
765 3767 790 3820 Δ
803 3775 854 3821 etc.
876 3793 905 3804 ·-
924 3766 985 3821 281.
1003 3760 1133 3828 Lignea
1151 3788 1184 3800 -

78 3840 102 3890 1.
119 3837 208 3889 record.
222 3839 255 3900 E,
267 3838 405 3905 findeblt
421 3866 456 3877 -
471 3839 533 3893 286.
549 3853 668 3889 mearent
680 3838 714 3900 tt,
730 3834 940 3894 commith,
959 3828 1132 3883 semumedd.
1151 3858 1185 3869 -

78 3905 267 3959 &indubiaslt
280 3935 307 3946 -
319 3906 381 3960 296.
391 3907 564 3958 birmtisBR:
575 3907 663 3957 bircae
671 3902 821 3958 tta-att.
831 3900 974 3954 condam
985 3926 1013 3939 ·-

78 4040 136 4095 ttt.
150 4039 293 4107 Siquidq]
312 4041 352 4093 cl.
363 4040 509 4106 symmach.
524 4054 565 4107 ep.
577 4042 595 4092 1.
632 4043 681 4102 [lta
696 4037 774 4091 codd.
788 4036 880 4097 Prud..
898 4051 921 4085 a.
938 4033 1064 4097 matfel.
1081 4048 1106 4085 a.
1123 4032 1184 4087 edd.

86 4109 159 4162 Suu
168 4113 262 4174 cuiqam
270 4125 341 4171 moa,
354 4125 418 4162 caus
427 4112 597 4175 coqueretur
631 4110 754 4174 symma.
766 4134 796 4186 ῖ-
806 4106 868 4160 ast.
880 4099 1103 4168 Scytb.]Tertull.
1112 4099 1186 4183 Apo-

78 4196 91 4261 :3
100 4204 130 4260 ·-’
140 4176 598 4260 lqmsilongaaetosauetoridatem
632 4177 683 4240 loss.
694 4176 723 4227 a:
741 4174 827 4225 Aiunt
843 4170 915 4237 apud
929 4168 1058 4237 qamdam
1073 4170 1186 4249 gentiles

78 4246 599 4383 stlttdttttttttltttitf
631 4240 1187 4372 {tffltt.tltflltttttttttt

78 4387 144 4445 vtes,
164 4385 210 4447 qui
220 4383 344 4447 feliciter
359 4385 443 4434 secuti
460 4387 521 4433 sarit
536 4395 603 4441 artos,
631 4376 784 4433 lolloebm.
794 4376 826 4431 (lc
836 4374 952 4430 moribus
962 4382 1032 4443 gent.
1040 4374 1106 4439 ltt.
1117 4370 1184 4425 Plio.
