<?xml version="1.0" encoding="UTF-8"?>
<!DOCTYPE html PUBLIC "-//W3C//DTD XHTML 1.0 Transitional//EN"
    "http://www.w3.org/TR/xhtml1/DTD/xhtml1-transitional.dtd">
<html xmlns="http://www.w3.org/1999/xhtml" xml:lang="en" lang="en">
 <head>
  <title>
</title>
<meta http-equiv="Content-Type" content="text/html;charset=utf-8" />
  <meta name='ocr-system' content='tesseract 3.04.00' />
  <meta name='ocr-capabilities' content='ocr_page ocr_carea ocr_par ocr_line ocrx_word'/>
</head>
<body>
  <div class='ocr_page' id='page_1' title='image "./carmina00obbagoog_0379.png"; bbox 0 0 2744 4852; ppageno 0'>
   <div class='ocr_carea' id='block_1_1' title="bbox 167 275 836 342">
    <p class='ocr_par' dir='ltr' id='par_1_1' title="bbox 167 275 836 342">
     <span class='ocr_line' id='line_1_1' title="bbox 167 275 836 342; baseline -0.012 0"><span class='ocrx_word' id='word_1_1' title='bbox 167 275 230 342; x_wconf 83' lang='grc' dir='ltr'><strong>3Ι2</strong></span> <span class='ocrx_word' id='word_1_2' title='bbox 647 275 788 336; x_wconf 76' lang='lat' dir='ltr'><strong>Addenda</strong></span> <span class='ocrx_word' id='word_1_3' title='bbox 806 289 836 336; x_wconf 85' lang='lat' dir='ltr'><strong>et</strong></span> 
     </span>
    </p>
   </div>
   <div class='ocr_carea' id='block_1_2' title="bbox 163 443 1309 1801">
    <p class='ocr_par' dir='ltr' id='par_1_2' title="bbox 163 443 1309 1801">
     <span class='ocr_line' id='line_1_2' title="bbox 169 443 1309 525; baseline -0.001 -21"><span class='ocrx_word' id='word_1_4' title='bbox 169 445 269 524; x_wconf 85' lang='lat' dir='ltr'><strong>[liuius</strong></span> <span class='ocrx_word' id='word_1_5' title='bbox 287 446 485 525; x_wconf 78' lang='lat' dir='ltr'><strong>inscriptionis</strong></span> <span class='ocrx_word' id='word_1_6' title='bbox 502 446 722 524; x_wconf 75' lang='lat' dir='ltr'><strong>explicationem</strong></span> <span class='ocrx_word' id='word_1_7' title='bbox 743 447 872 507; x_wconf 82' lang='lat' dir='ltr'><strong>Osannus</strong></span> <span class='ocrx_word' id='word_1_8' title='bbox 896 449 925 505; x_wconf 92' lang='lat' dir='ltr'><strong>in</strong></span> <span class='ocrx_word' id='word_1_9' title='bbox 943 446 1115 505; x_wconf 73' lang='lat' dir='ltr'><strong>zeitschrift</strong></span> <span class='ocrx_word' id='word_1_10' title='bbox 1132 446 1154 506; x_wconf 86' lang='grc'><strong>1.</strong></span> <span class='ocrx_word' id='word_1_11' title='bbox 1172 443 1204 506; x_wconf 93' lang='lat' dir='ltr'><strong>d.</strong></span> <span class='ocrx_word' id='word_1_12' title='bbox 1222 443 1309 504; x_wconf 77' lang='lat' dir='ltr'><strong>Altar-</strong></span> 
     </span>
     <span class='ocr_line' id='line_1_3' title="bbox 168 530 1304 611; baseline 0 -22"><span class='ocrx_word' id='word_1_13' title='bbox 168 531 425 591; x_wconf 88' lang='lat' dir='ltr'><strong>thumswisseusch.</strong></span> <span class='ocrx_word' id='word_1_14' title='bbox 449 535 540 594; x_wconf 82' lang='grc'><strong>1837.</strong></span> <span class='ocrx_word' id='word_1_15' title='bbox 564 530 602 591; x_wconf 91' lang='lat' dir='ltr'><strong>N.</strong></span> <span class='ocrx_word' id='word_1_16' title='bbox 621 537 671 595; x_wconf 80' lang='lat'><strong>57.</strong></span> <span class='ocrx_word' id='word_1_17' title='bbox 695 534 750 591; x_wconf 86' lang='lat' dir='ltr'><strong>iarn</strong></span> <span class='ocrx_word' id='word_1_18' title='bbox 773 533 943 611; x_wconf 89' lang='lat' dir='ltr'><strong>proposuit].</strong></span> <span class='ocrx_word' id='word_1_19' title='bbox 987 531 1107 590; x_wconf 86' lang='lat' dir='ltr'><strong>Tantum</strong></span> <span class='ocrx_word' id='word_1_20' title='bbox 1131 531 1209 590; x_wconf 90' lang='lat' dir='ltr'><strong>enim</strong></span> <span class='ocrx_word' id='word_1_21' title='bbox 1227 530 1304 601; x_wconf 64' lang='lat' dir='ltr'><strong>Meet,</strong></span> 
     </span>
     <span class='ocr_line' id='line_1_4' title="bbox 169 615 1301 696; baseline 0 -22"><span class='ocrx_word' id='word_1_22' title='bbox 169 626 199 675; x_wconf 90' lang='lat' dir='ltr'><strong>nt</strong></span> <span class='ocrx_word' id='word_1_23' title='bbox 221 617 250 674; x_wconf 93' lang='lat' dir='ltr'><strong>in</strong></span> <span class='ocrx_word' id='word_1_24' title='bbox 272 617 331 689; x_wconf 90' lang='lat' dir='ltr'><strong>his,</strong></span> <span class='ocrx_word' id='word_1_25' title='bbox 363 616 464 696; x_wconf 91' lang='lat' dir='ltr'><strong>quibus</strong></span> <span class='ocrx_word' id='word_1_26' title='bbox 489 615 635 676; x_wconf 89' lang='lat' dir='ltr'><strong>Mercurio</strong></span> <span class='ocrx_word' id='word_1_27' title='bbox 662 619 798 676; x_wconf 90' lang='lat' dir='ltr'><strong>iustorum</strong></span> <span class='ocrx_word' id='word_1_28' title='bbox 831 618 1055 695; x_wconf 85' lang='lat' dir='ltr'><strong>iniustorumque</strong></span> <span class='ocrx_word' id='word_1_29' title='bbox 1081 615 1221 675; x_wconf 89' lang='lat' dir='ltr'><strong>iudicium</strong></span> <span class='ocrx_word' id='word_1_30' title='bbox 1245 615 1301 694; x_wconf 83' lang='lat' dir='ltr'><strong>(quo</strong></span> 
     </span>
     <span class='ocr_line' id='line_1_5' title="bbox 168 700 1299 783; baseline 0 -23"><span class='ocrx_word' id='word_1_31' title='bbox 168 720 252 760; x_wconf 91' lang='lat' dir='ltr'><strong>sensu</strong></span> <span class='ocrx_word' id='word_1_32' title='bbox 269 700 379 782; x_wconf 76' lang='grc' dir='ltr'><strong><em>ἔλεγχος</em></strong></span> <span class='ocrx_word' id='word_1_33' title='bbox 396 701 470 781; x_wconf 90' lang='lat' dir='ltr'><strong>apud</strong></span> <span class='ocrx_word' id='word_1_34' title='bbox 489 721 588 760; x_wconf 90' lang='lat' dir='ltr'><strong>sacros</strong></span> <span class='ocrx_word' id='word_1_35' title='bbox 606 704 763 782; x_wconf 82' lang='lat' dir='ltr'><strong>scriptores</strong></span> <span class='ocrx_word' id='word_1_36' title='bbox 780 704 884 781; x_wconf 91' lang='lat' dir='ltr'><strong>passim</strong></span> <span class='ocrx_word' id='word_1_37' title='bbox 904 701 1023 783; x_wconf 88' lang='lat' dir='ltr'><strong>dicitur)</strong></span> <span class='ocrx_word' id='word_1_38' title='bbox 1038 703 1234 772; x_wconf 89' lang='lat' dir='ltr'><strong>committitur,</strong></span> <span class='ocrx_word' id='word_1_39' title='bbox 1249 701 1299 760; x_wconf 82' lang='lat' dir='ltr'><strong>etb-</strong></span> 
     </span>
     <span class='ocr_line' id='line_1_6' title="bbox 167 785 1295 867; baseline 0.001 -23"><span class='ocrx_word' id='word_1_40' title='bbox 167 787 250 845; x_wconf 88' lang='lat' dir='ltr'><strong>nicae</strong></span> <span class='ocrx_word' id='word_1_41' title='bbox 277 787 426 864; x_wconf 79' lang='lat' dir='ltr'><strong>religionis</strong></span> <span class='ocrx_word' id='word_1_42' title='bbox 453 789 580 866; x_wconf 88' lang='lat' dir='ltr'><strong>spiritum</strong></span> <span class='ocrx_word' id='word_1_43' title='bbox 607 806 777 864; x_wconf 80' lang='lat' dir='ltr'><strong>agnoscam,</strong></span> <span class='ocrx_word' id='word_1_44' title='bbox 804 798 835 845; x_wconf 91' lang='lat' dir='ltr'><strong>ut</strong></span> <span class='ocrx_word' id='word_1_45' title='bbox 852 787 958 846; x_wconf 88' lang='lat' dir='ltr'><strong>Christi</strong></span> <span class='ocrx_word' id='word_1_46' title='bbox 980 805 1135 867; x_wconf 74' lang='lat' dir='ltr'><strong>personam</strong></span> <span class='ocrx_word' id='word_1_47' title='bbox 1158 786 1243 845; x_wconf 83' lang='lat' dir='ltr'><strong>etium</strong></span> <span class='ocrx_word' id='word_1_48' title='bbox 1260 785 1295 845; x_wconf 77' lang='lat' dir='ltr'><strong>tte</strong></span> 
     </span>
     <span class='ocr_line' id='line_1_7' title="bbox 167 870 1294 951; baseline -0.003 -21"><span class='ocrx_word' id='word_1_49' title='bbox 167 870 340 930; x_wconf 84' lang='lat' dir='ltr'><strong>Mercurium</strong></span> <span class='ocrx_word' id='word_1_50' title='bbox 367 870 492 932; x_wconf 86' lang='lat' dir='ltr'><strong>induisse</strong></span> <span class='ocrx_word' id='word_1_51' title='bbox 515 891 667 944; x_wconf 81' lang='lat' dir='ltr'><strong>censeam,</strong></span> <span class='ocrx_word' id='word_1_52' title='bbox 695 875 765 951; x_wconf 89' lang='lat' dir='ltr'><strong>ipsis</strong></span> <span class='ocrx_word' id='word_1_53' title='bbox 784 873 963 944; x_wconf 88' lang='lat' dir='ltr'><strong>litterarum,</strong></span> <span class='ocrx_word' id='word_1_54' title='bbox 990 871 1092 950; x_wconf 90' lang='lat' dir='ltr'><strong>quihus</strong></span> <span class='ocrx_word' id='word_1_55' title='bbox 1106 871 1216 933; x_wconf 78' lang='lat' dir='ltr'><strong>,titulus</strong></span> <span class='ocrx_word' id='word_1_56' title='bbox 1240 889 1294 929; x_wconf 86' lang='lat' dir='ltr'><strong>cou-</strong></span> 
     </span>
     <span class='ocr_line' id='line_1_8' title="bbox 168 952 1305 1037; baseline -0.002 -22"><span class='ocrx_word' id='word_1_57' title='bbox 168 967 268 1035; x_wconf 89' lang='lat' dir='ltr'><strong>ceptus</strong></span> <span class='ocrx_word' id='word_1_58' title='bbox 286 968 340 1028; x_wconf 85' lang='lat' dir='ltr'><strong>cst,</strong></span> <span class='ocrx_word' id='word_1_59' title='bbox 358 957 459 1016; x_wconf 79' lang='lat' dir='ltr'><strong>formis</strong></span> <span class='ocrx_word' id='word_1_60' title='bbox 473 959 577 1016; x_wconf 89' lang='lat' dir='ltr'><strong>aetatis</strong></span> <span class='ocrx_word' id='word_1_61' title='bbox 592 959 771 1017; x_wconf 84' lang='lat' dir='ltr'><strong>Christianae</strong></span> <span class='ocrx_word' id='word_1_62' title='bbox 787 969 880 1016; x_wconf 90' lang='lat' dir='ltr'><strong>notam</strong></span> <span class='ocrx_word' id='word_1_63' title='bbox 899 976 969 1037; x_wconf 90' lang='lat' dir='ltr'><strong>prae</strong></span> <span class='ocrx_word' id='word_1_64' title='bbox 983 977 1015 1017; x_wconf 92' lang='lat' dir='ltr'><strong>se</strong></span> <span class='ocrx_word' id='word_1_65' title='bbox 1029 956 1200 1016; x_wconf 79' lang='lat' dir='ltr'><strong>ferentibus.</strong></span> <span class='ocrx_word' id='word_1_66' title='bbox 1223 952 1305 1014; x_wconf 77' lang='lat' dir='ltr'><strong>alut·</strong></span> 
     </span>
     <span class='ocr_line' id='line_1_9' title="bbox 168 1039 1291 1122; baseline -0.001 -22"><span class='ocrx_word' id='word_1_67' title='bbox 168 1041 319 1114; x_wconf 86' lang='lat' dir='ltr'><strong>Mercurii,</strong></span> <span class='ocrx_word' id='word_1_68' title='bbox 337 1053 369 1101; x_wconf 91' lang='lat' dir='ltr'><strong>ut</strong></span> <span class='ocrx_word' id='word_1_69' title='bbox 386 1044 426 1101; x_wconf 91' lang='lat' dir='ltr'><strong>ita</strong></span> <span class='ocrx_word' id='word_1_70' title='bbox 444 1039 545 1113; x_wconf 89' lang='lat' dir='ltr'><strong>dicam,</strong></span> <span class='ocrx_word' id='word_1_71' title='bbox 566 1043 720 1101; x_wconf 81' lang='lat' dir='ltr'><strong>Christiani</strong></span> <span class='ocrx_word' id='word_1_72' title='bbox 740 1043 909 1122; x_wconf 81' lang='lat' dir='ltr'><strong>exemplum,</strong></span> <span class='ocrx_word' id='word_1_73' title='bbox 929 1045 957 1100; x_wconf 96' lang='lat' dir='ltr'><strong>in</strong></span> <span class='ocrx_word' id='word_1_74' title='bbox 976 1062 1031 1121; x_wconf 92' lang='lat' dir='ltr'><strong>quo</strong></span> <span class='ocrx_word' id='word_1_75' title='bbox 1050 1044 1150 1100; x_wconf 89' lang='lat' dir='ltr'><strong>miram</strong></span> <span class='ocrx_word' id='word_1_76' title='bbox 1166 1041 1291 1119; x_wconf 81' lang='lat' dir='ltr'><strong>utriusqus</strong></span> 
     </span>
     <span class='ocr_line' id='line_1_10' title="bbox 167 1126 1289 1207; baseline -0.002 -22"><span class='ocrx_word' id='word_1_77' title='bbox 167 1126 316 1204; x_wconf 88' lang='lat' dir='ltr'><strong>religionis</strong></span> <span class='ocrx_word' id='word_1_78' title='bbox 336 1146 580 1206; x_wconf 81' lang='lat' dir='ltr'><strong>personarumque</strong></span> <span class='ocrx_word' id='word_1_79' title='bbox 603 1129 797 1187; x_wconf 80' lang='lat' dir='ltr'><strong>contusionem</strong></span> <span class='ocrx_word' id='word_1_80' title='bbox 817 1127 1029 1207; x_wconf 83' lang='lat' dir='ltr'><strong>deprehendas,</strong></span> <span class='ocrx_word' id='word_1_81' title='bbox 1058 1126 1177 1186; x_wconf 82' lang='lat' dir='ltr'><strong>exhibet</strong></span> <span class='ocrx_word' id='word_1_82' title='bbox 1190 1143 1289 1204; x_wconf 78' lang='lat' dir='ltr'><strong>genua,</strong></span> 
     </span>
     <span class='ocr_line' id='line_1_11' title="bbox 165 1211 1288 1292; baseline -0.002 -23"><span class='ocrx_word' id='word_1_83' title='bbox 165 1213 194 1269; x_wconf 94' lang='lat' dir='ltr'><strong>in</strong></span> <span class='ocrx_word' id='word_1_84' title='bbox 213 1230 268 1289; x_wconf 88' lang='lat' dir='ltr'><strong>qua</strong></span> <span class='ocrx_word' id='word_1_85' title='bbox 286 1211 383 1270; x_wconf 89' lang='lat' dir='ltr'><strong>habitu</strong></span> <span class='ocrx_word' id='word_1_86' title='bbox 409 1232 526 1292; x_wconf 90' lang='lat' dir='ltr'><strong>prorsus</strong></span> <span class='ocrx_word' id='word_1_87' title='bbox 552 1213 668 1271; x_wconf 90' lang='lat' dir='ltr'><strong>ethnico</strong></span> <span class='ocrx_word' id='word_1_88' title='bbox 696 1213 856 1272; x_wconf 89' lang='lat' dir='ltr'><strong>Mercurius</strong></span> <span class='ocrx_word' id='word_1_89' title='bbox 882 1213 946 1292; x_wconf 92' lang='lat' dir='ltr'><strong>rupi</strong></span> <span class='ocrx_word' id='word_1_90' title='bbox 973 1214 1107 1272; x_wconf 88' lang='lat' dir='ltr'><strong>insistens</strong></span> <span class='ocrx_word' id='word_1_91' title='bbox 1125 1211 1288 1289; x_wconf 87' lang='lat' dir='ltr'><strong>conspicitur,</strong></span> 
     </span>
     <span class='ocr_line' id='line_1_12' title="bbox 165 1295 1289 1375; baseline 0 -23"><span class='ocrx_word' id='word_1_92' title='bbox 165 1297 309 1373; x_wconf 88' lang='lat' dir='ltr'><strong>ingentem</strong></span> <span class='ocrx_word' id='word_1_93' title='bbox 329 1295 484 1356; x_wconf 86' lang='lat' dir='ltr'><strong>caduceum</strong></span> <span class='ocrx_word' id='word_1_94' title='bbox 501 1296 601 1355; x_wconf 86' lang='lat' dir='ltr'><strong>dextra</strong></span> <span class='ocrx_word' id='word_1_95' title='bbox 621 1297 765 1370; x_wconf 89' lang='lat' dir='ltr'><strong>attollens,</strong></span> <span class='ocrx_word' id='word_1_96' title='bbox 780 1308 846 1356; x_wconf 87' lang='lat' dir='ltr'><strong>ante</strong></span> <span class='ocrx_word' id='word_1_97' title='bbox 863 1316 926 1356; x_wconf 90' lang='lat' dir='ltr'><strong>eum</strong></span> <span class='ocrx_word' id='word_1_98' title='bbox 946 1298 1038 1375; x_wconf 87' lang='lat' dir='ltr'><strong>gallus</strong></span> <span class='ocrx_word' id='word_1_99' title='bbox 1056 1316 1177 1355; x_wconf 85' lang='lat' dir='ltr'><strong>canens:</strong></span> <span class='ocrx_word' id='word_1_100' title='bbox 1195 1299 1289 1373; x_wconf 85' lang='lat' dir='ltr'><strong>iusuper</strong></span> 
     </span>
     <span class='ocr_line' id='line_1_13' title="bbox 165 1379 1288 1460; baseline -0.001 -21"><span class='ocrx_word' id='word_1_101' title='bbox 165 1379 305 1440; x_wconf 85' lang='lat' dir='ltr'><strong>adiectum</strong></span> <span class='ocrx_word' id='word_1_102' title='bbox 329 1401 432 1440; x_wconf 88' lang='lat' dir='ltr'><strong>nomen</strong></span> <span class='ocrx_word' id='word_1_103' title='bbox 449 1381 623 1440; x_wconf 79' lang='lat' dir='ltr'><strong>MlCllAllL</strong></span> <span class='ocrx_word' id='word_1_104' title='bbox 645 1394 763 1460; x_wconf 89' lang='lat' dir='ltr'><strong>praeter</strong></span> <span class='ocrx_word' id='word_1_105' title='bbox 786 1384 897 1441; x_wconf 89' lang='lat' dir='ltr'><strong>litteras</strong></span> <span class='ocrx_word' id='word_1_106' title='bbox 922 1381 992 1441; x_wconf 92' lang='lat' dir='ltr'><strong>duas</strong></span> <span class='ocrx_word' id='word_1_107' title='bbox 1010 1381 1170 1440; x_wconf 87' lang='lat' dir='ltr'><strong>Hebraicas</strong></span> <span class='ocrx_word' id='word_1_108' title='bbox 1190 1383 1217 1438; x_wconf 91' lang='lat' dir='ltr'><strong>in</strong></span> <span class='ocrx_word' id='word_1_109' title='bbox 1236 1397 1288 1438; x_wconf 81' lang='lat' dir='ltr'><strong>area</strong></span> 
     </span>
     <span class='ocr_line' id='line_1_14' title="bbox 163 1464 1286 1546; baseline -0.001 -22"><span class='ocrx_word' id='word_1_110' title='bbox 163 1468 281 1545; x_wconf 88' lang='lat' dir='ltr'><strong>positas,</strong></span> <span class='ocrx_word' id='word_1_111' title='bbox 300 1465 452 1546; x_wconf 90' lang='lat' dir='ltr'><strong>dequibus</strong></span> <span class='ocrx_word' id='word_1_112' title='bbox 470 1487 536 1525; x_wconf 84' lang='lat' dir='ltr'><strong>mox</strong></span> <span class='ocrx_word' id='word_1_113' title='bbox 550 1465 672 1528; x_wconf 91' lang='lat' dir='ltr'><strong>dicetur.</strong></span> <span class='ocrx_word' id='word_1_114' title='bbox 704 1467 767 1526; x_wconf 91' lang='lat' dir='ltr'><strong>lloc</strong></span> <span class='ocrx_word' id='word_1_115' title='bbox 781 1466 816 1526; x_wconf 93' lang='lat' dir='ltr'><strong>de</strong></span> <span class='ocrx_word' id='word_1_116' title='bbox 837 1479 1019 1527; x_wconf 87' lang='lat' dir='ltr'><strong>monumento</strong></span> <span class='ocrx_word' id='word_1_117' title='bbox 1037 1464 1173 1546; x_wconf 90' lang='lat' dir='ltr'><strong>quidquid</strong></span> <span class='ocrx_word' id='word_1_118' title='bbox 1190 1475 1286 1533; x_wconf 79' lang='lat' dir='ltr'><strong>statuas,</strong></span> 
     </span>
     <span class='ocr_line' id='line_1_15' title="bbox 164 1551 1286 1631; baseline -0.002 -21"><span class='ocrx_word' id='word_1_119' title='bbox 164 1552 218 1611; x_wconf 87' lang='lat' dir='ltr'><strong>hac</strong></span> <span class='ocrx_word' id='word_1_120' title='bbox 237 1554 265 1611; x_wconf 92' lang='lat' dir='ltr'><strong>in</strong></span> <span class='ocrx_word' id='word_1_121' title='bbox 283 1571 316 1611; x_wconf 92' lang='lat' dir='ltr'><strong>re</strong></span> <span class='ocrx_word' id='word_1_122' title='bbox 327 1572 436 1612; x_wconf 89' lang='lat' dir='ltr'><strong>mecum</strong></span> <span class='ocrx_word' id='word_1_123' title='bbox 451 1555 624 1623; x_wconf 89' lang='lat' dir='ltr'><strong>consenties,</strong></span> <span class='ocrx_word' id='word_1_124' title='bbox 643 1552 779 1612; x_wconf 87' lang='lat' dir='ltr'><strong>Mercurii</strong></span> <span class='ocrx_word' id='word_1_125' title='bbox 794 1553 850 1612; x_wconf 94' lang='lat' dir='ltr'><strong>hoc</strong></span> <span class='ocrx_word' id='word_1_126' title='bbox 862 1554 974 1631; x_wconf 91' lang='lat' dir='ltr'><strong>siguum</strong></span> <span class='ocrx_word' id='word_1_127' title='bbox 987 1563 1035 1612; x_wconf 91' lang='lat' dir='ltr'><strong>aut</strong></span> <span class='ocrx_word' id='word_1_128' title='bbox 1049 1551 1210 1610; x_wconf 87' lang='lat' dir='ltr'><strong>Christiano</strong></span> <span class='ocrx_word' id='word_1_129' title='bbox 1222 1568 1286 1608; x_wconf 71' lang='lat' dir='ltr'><strong>som</strong></span> 
     </span>
     <span class='ocr_line' id='line_1_16' title="bbox 164 1634 1287 1716; baseline -0.004 -20"><span class='ocrx_word' id='word_1_130' title='bbox 164 1637 285 1697; x_wconf 88' lang='lat' dir='ltr'><strong>effictum</strong></span> <span class='ocrx_word' id='word_1_131' title='bbox 296 1657 370 1710; x_wconf 89' lang='lat' dir='ltr'><strong>esse,</strong></span> <span class='ocrx_word' id='word_1_132' title='bbox 381 1649 413 1697; x_wconf 88' lang='lat' dir='ltr'><strong>ut</strong></span> <span class='ocrx_word' id='word_1_133' title='bbox 422 1658 454 1697; x_wconf 92' lang='lat' dir='ltr'><strong>re</strong></span> <span class='ocrx_word' id='word_1_134' title='bbox 464 1656 534 1696; x_wconf 87' lang='lat' dir='ltr'><strong>vera</strong></span> <span class='ocrx_word' id='word_1_135' title='bbox 543 1637 693 1698; x_wconf 84' lang='lat' dir='ltr'><strong>Michaelis</strong></span> <span class='ocrx_word' id='word_1_136' title='bbox 703 1639 853 1715; x_wconf 85' lang='lat' dir='ltr'><strong>imaginem</strong></span> <span class='ocrx_word' id='word_1_137' title='bbox 864 1639 1018 1716; x_wconf 84' lang='lat' dir='ltr'><strong>exprimet,</strong></span> <span class='ocrx_word' id='word_1_138' title='bbox 1034 1647 1083 1696; x_wconf 90' lang='lat' dir='ltr'><strong>ant</strong></span> <span class='ocrx_word' id='word_1_139' title='bbox 1094 1647 1174 1696; x_wconf 86' lang='lat' dir='ltr'><strong>certe</strong></span> <span class='ocrx_word' id='word_1_140' title='bbox 1182 1637 1206 1694; x_wconf 88' lang='lat' dir='ltr'><strong>si</strong></span> <span class='ocrx_word' id='word_1_141' title='bbox 1214 1634 1287 1694; x_wconf 82' lang='lat' dir='ltr'><strong>etbui-</strong></span> 
     </span>
     <span class='ocr_line' id='line_1_17' title="bbox 165 1720 1286 1801; baseline -0.004 -20"><span class='ocrx_word' id='word_1_142' title='bbox 165 1741 219 1781; x_wconf 87' lang='lat' dir='ltr'><strong>cue</strong></span> <span class='ocrx_word' id='word_1_143' title='bbox 230 1722 341 1801; x_wconf 89' lang='lat' dir='ltr'><strong>quidem</strong></span> <span class='ocrx_word' id='word_1_144' title='bbox 353 1724 473 1800; x_wconf 90' lang='lat' dir='ltr'><strong>originis</strong></span> <span class='ocrx_word' id='word_1_145' title='bbox 483 1724 549 1794; x_wconf 83' lang='lat' dir='ltr'><strong>luit,</strong></span> <span class='ocrx_word' id='word_1_146' title='bbox 564 1722 661 1782; x_wconf 88' lang='lat' dir='ltr'><strong>addita</strong></span> <span class='ocrx_word' id='word_1_147' title='bbox 670 1725 724 1782; x_wconf 89' lang='lat' dir='ltr'><strong>ista</strong></span> <span class='ocrx_word' id='word_1_148' title='bbox 738 1723 926 1782; x_wconf 90' lang='lat' dir='ltr'><strong>aChristiano</strong></span> <span class='ocrx_word' id='word_1_149' title='bbox 936 1723 1125 1801; x_wconf 91' lang='lat' dir='ltr'><strong>inscriptione</strong></span> <span class='ocrx_word' id='word_1_150' title='bbox 1140 1720 1175 1780; x_wconf 91' lang='lat' dir='ltr'><strong>ad</strong></span> <span class='ocrx_word' id='word_1_151' title='bbox 1189 1720 1286 1796; x_wconf 73' lang='lat' dir='ltr'><strong>religio</strong></span> 
     </span>
    </p>
   </div>
   <div class='ocr_carea' id='block_1_3' title="bbox 163 1815 1285 1894">
    <p class='ocr_par' dir='ltr' id='par_1_3' title="bbox 163 1815 1285 1894">
     <span class='ocr_line' id='line_1_18' title="bbox 163 1815 1285 1894; baseline -0.004 -20"><span class='ocrx_word' id='word_1_152' title='bbox 163 1835 226 1875; x_wconf 91' lang='lat' dir='ltr'><strong>nem</strong></span> <span class='ocrx_word' id='word_1_153' title='bbox 247 1815 435 1875; x_wconf 86' lang='lat' dir='ltr'><strong>Christianam</strong></span> <span class='ocrx_word' id='word_1_154' title='bbox 455 1815 616 1875; x_wconf 89' lang='lat' dir='ltr'><strong>traductum</strong></span> <span class='ocrx_word' id='word_1_155' title='bbox 635 1817 820 1894; x_wconf 87' lang='lat' dir='ltr'><strong>relictumque</strong></span> <span class='ocrx_word' id='word_1_156' title='bbox 839 1836 913 1876; x_wconf 87' lang='lat' dir='ltr'><strong>esse.</strong></span> <span class='ocrx_word' id='word_1_157' title='bbox 945 1816 998 1874; x_wconf 93' lang='lat' dir='ltr'><strong>Cui</strong></span> <span class='ocrx_word' id='word_1_158' title='bbox 1017 1816 1152 1874; x_wconf 85' lang='lat' dir='ltr'><strong>convenit</strong></span> <span class='ocrx_word' id='word_1_159' title='bbox 1165 1823 1209 1891; x_wconf 73' lang='lat' dir='ltr'><strong>ny</strong></span> <span class='ocrx_word' id='word_1_160' title='bbox 1221 1815 1285 1887; x_wconf 78' lang='lat' dir='ltr'><strong>(ten-</strong></span> 
     </span>
    </p>
   </div>
   <div class='ocr_carea' id='block_1_4' title="bbox 102 1901 1326 3009">
    <p class='ocr_par' dir='ltr' id='par_1_4' title="bbox 102 1901 1326 3009">
     <span class='ocr_line' id='line_1_19' title="bbox 162 1901 1326 1989; baseline -0.003 -23"><span class='ocrx_word' id='word_1_161' title='bbox 162 1911 243 1988; x_wconf 91' lang='lat' dir='ltr'><strong>pus),</strong></span> <span class='ocrx_word' id='word_1_162' title='bbox 267 1908 342 1987; x_wconf 94' lang='lat' dir='ltr'><strong>qnod</strong></span> <span class='ocrx_word' id='word_1_163' title='bbox 364 1909 537 1989; x_wconf 88' lang='lat' dir='ltr'><strong>adscriptum</strong></span> <span class='ocrx_word' id='word_1_164' title='bbox 557 1921 617 1982; x_wconf 90' lang='lat' dir='ltr'><strong>cst,</strong></span> <span class='ocrx_word' id='word_1_165' title='bbox 639 1908 714 1988; x_wconf 93' lang='lat' dir='ltr'><strong>quod</strong></span> <span class='ocrx_word' id='word_1_166' title='bbox 733 1930 789 1968; x_wconf 95' lang='lat' dir='ltr'><strong>non</strong></span> <span class='ocrx_word' id='word_1_167' title='bbox 808 1909 907 1968; x_wconf 91' lang='lat' dir='ltr'><strong>dnhito</strong></span> <span class='ocrx_word' id='word_1_168' title='bbox 924 1928 1009 1968; x_wconf 89' lang='lat' dir='ltr'><strong>sensu</strong></span> <span class='ocrx_word' id='word_1_169' title='bbox 1028 1907 1243 1967; x_wconf 87' lang='lat' dir='ltr'><strong>Christianorum</strong></span> <span class='ocrx_word' id='word_1_170' title='bbox 1257 1901 1284 1961; x_wconf 82' lang='lat' dir='ltr'><strong>dt</strong></span> <span class='ocrx_word' id='word_1_171' title='bbox 1324 1978 1326 1989; x_wconf 40' lang='grc' dir='ltr'>Ι</span> 
     </span>
     <span class='ocr_line' id='line_1_20' title="bbox 162 1991 1283 2074; baseline -0.004 -22"><span class='ocrx_word' id='word_1_172' title='bbox 162 2004 292 2073; x_wconf 93' lang='lat' dir='ltr'><strong>tempore</strong></span> <span class='ocrx_word' id='word_1_173' title='bbox 311 1996 400 2066; x_wconf 87' lang='lat' dir='ltr'><strong>iusto,</strong></span> <span class='ocrx_word' id='word_1_174' title='bbox 419 1993 455 2054; x_wconf 89' lang='lat' dir='ltr'><strong>ad</strong></span> <span class='ocrx_word' id='word_1_175' title='bbox 474 1994 549 2074; x_wconf 93' lang='lat' dir='ltr'><strong>qnod</strong></span> <span class='ocrx_word' id='word_1_176' title='bbox 569 1997 758 2073; x_wconf 91' lang='lat' dir='ltr'><strong>unusquisque</strong></span> <span class='ocrx_word' id='word_1_177' title='bbox 775 2006 892 2074; x_wconf 89' lang='lat' dir='ltr'><strong>paratus</strong></span> <span class='ocrx_word' id='word_1_178' title='bbox 911 2013 975 2053; x_wconf 90' lang='lat' dir='ltr'><strong>esse</strong></span> <span class='ocrx_word' id='word_1_179' title='bbox 994 1992 1111 2065; x_wconf 88' lang='lat' dir='ltr'><strong>debeat,</strong></span> <span class='ocrx_word' id='word_1_180' title='bbox 1129 1991 1283 2068; x_wconf 80' lang='lat' dir='ltr'><strong>intelligere:</strong></span> 
     </span>
     <span class='ocr_line' id='line_1_21' title="bbox 163 2068 1282 2158; baseline -0.002 -22"><span class='ocrx_word' id='word_1_181' title='bbox 163 2098 235 2157; x_wconf 90' lang='lat' dir='ltr'><strong>quae</strong></span> <span class='ocrx_word' id='word_1_182' title='bbox 255 2098 336 2157; x_wconf 90' lang='lat' dir='ltr'><strong>quarn</strong></span> <span class='ocrx_word' id='word_1_183' title='bbox 354 2079 430 2139; x_wconf 93' lang='lat' dir='ltr'><strong>belle</strong></span> <span class='ocrx_word' id='word_1_184' title='bbox 450 2100 513 2139; x_wconf 91' lang='lat' dir='ltr'><strong>cum</strong></span> <span class='ocrx_word' id='word_1_185' title='bbox 526 2080 663 2139; x_wconf 89' lang='lat' dir='ltr'><strong>Mercurii</strong></span> <span class='ocrx_word' id='word_1_186' title='bbox 678 2091 709 2139; x_wconf 92' lang='lat' dir='ltr'><strong>et</strong></span> <span class='ocrx_word' id='word_1_187' title='bbox 727 2079 795 2158; x_wconf 88' lang='lat' dir='ltr'><strong>galli</strong></span> <span class='ocrx_word' id='word_1_188' title='bbox 814 2081 903 2157; x_wconf 89' lang='lat' dir='ltr'><strong>signis</strong></span> <span class='ocrx_word' id='word_1_189' title='bbox 922 2080 1085 2149; x_wconf 91' lang='lat' dir='ltr'><strong>concinant,</strong></span> <span class='ocrx_word' id='word_1_190' title='bbox 1100 2097 1157 2136; x_wconf 92' lang='lat' dir='ltr'><strong>non</strong></span> <span class='ocrx_word' id='word_1_191' title='bbox 1175 2068 1282 2154; x_wconf 83' lang='lat' dir='ltr'><strong>estquod</strong></span> 
     </span>
     <span class='ocr_line' id='line_1_22' title="bbox 163 2160 1283 2244; baseline -0.005 -23"><span class='ocrx_word' id='word_1_192' title='bbox 163 2182 303 2224; x_wconf 89' lang='lat' dir='ltr'><strong>moneam.</strong></span> <span class='ocrx_word' id='word_1_193' title='bbox 347 2165 448 2243; x_wconf 88' lang='lat' dir='ltr'><strong>Neque</strong></span> <span class='ocrx_word' id='word_1_194' title='bbox 467 2165 589 2243; x_wconf 89' lang='lat' dir='ltr'><strong>denique</strong></span> <span class='ocrx_word' id='word_1_195' title='bbox 612 2166 640 2223; x_wconf 92' lang='lat' dir='ltr'><strong>in</strong></span> <span class='ocrx_word' id='word_1_196' title='bbox 665 2165 718 2224; x_wconf 90' lang='lat' dir='ltr'><strong>hac</strong></span> <span class='ocrx_word' id='word_1_197' title='bbox 744 2176 805 2224; x_wconf 87' lang='lat' dir='ltr'><strong>tota</strong></span> <span class='ocrx_word' id='word_1_198' title='bbox 828 2165 995 2244; x_wconf 88' lang='lat' dir='ltr'><strong>quaestione</strong></span> <span class='ocrx_word' id='word_1_199' title='bbox 1017 2160 1283 2243; x_wconf 86' lang='lat' dir='ltr'><strong>praetercundusest</strong></span> 
     </span>
     <span class='ocr_line' id='line_1_23' title="bbox 163 2244 1282 2328; baseline -0.006 -21"><span class='ocrx_word' id='word_1_200' title='bbox 163 2249 284 2308; x_wconf 89' lang='lat' dir='ltr'><strong>Hermes</strong></span> <span class='ocrx_word' id='word_1_201' title='bbox 298 2249 500 2327; x_wconf 87' lang='lat' dir='ltr'><strong>Trismegistus</strong></span> <span class='ocrx_word' id='word_1_202' title='bbox 520 2249 568 2309; x_wconf 89' lang='lat' dir='ltr'><strong>ille</strong></span> <span class='ocrx_word' id='word_1_203' title='bbox 583 2249 774 2321; x_wconf 86' lang='lat' dir='ltr'><strong>Christianus,</strong></span> <span class='ocrx_word' id='word_1_204' title='bbox 794 2270 875 2328; x_wconf 86' lang='lat' dir='ltr'><strong>quern</strong></span> <span class='ocrx_word' id='word_1_205' title='bbox 894 2250 1007 2328; x_wconf 82' lang='lat' dir='ltr'><strong>mystici</strong></span> <span class='ocrx_word' id='word_1_206' title='bbox 1025 2249 1071 2308; x_wconf 90' lang='lat' dir='ltr'><strong>vel</strong></span> <span class='ocrx_word' id='word_1_207' title='bbox 1091 2248 1211 2326; x_wconf 89' lang='lat' dir='ltr'><strong>gnostici</strong></span> <span class='ocrx_word' id='word_1_208' title='bbox 1225 2244 1282 2303; x_wconf 83' lang='lat' dir='ltr'><strong>illut</strong></span> 
     </span>
     <span class='ocr_line' id='line_1_24' title="bbox 162 2332 1282 2413; baseline -0.008 -21"><span class='ocrx_word' id='word_1_209' title='bbox 162 2334 236 2406; x_wconf 92' lang='lat' dir='ltr'><strong>libri,</strong></span> <span class='ocrx_word' id='word_1_210' title='bbox 258 2336 304 2413; x_wconf 93' lang='lat' dir='ltr'><strong>qui</strong></span> <span class='ocrx_word' id='word_1_211' title='bbox 323 2332 514 2407; x_wconf 90' lang='lat' dir='ltr'><strong>Poemander,</strong></span> <span class='ocrx_word' id='word_1_212' title='bbox 534 2335 708 2405; x_wconf 88' lang='lat' dir='ltr'><strong>inscribitur,</strong></span> <span class='ocrx_word' id='word_1_213' title='bbox 728 2345 831 2393; x_wconf 89' lang='lat' dir='ltr'><strong>auctor</strong></span> <span class='ocrx_word' id='word_1_214' title='bbox 848 2336 930 2393; x_wconf 83' lang='lat' dir='ltr'><strong>finxit</strong></span> <span class='ocrx_word' id='word_1_215' title='bbox 947 2334 1047 2404; x_wconf 90' lang='lat' dir='ltr'><strong>talem,</strong></span> <span class='ocrx_word' id='word_1_216' title='bbox 1068 2337 1114 2412; x_wconf 92' lang='lat' dir='ltr'><strong>qni</strong></span> <span class='ocrx_word' id='word_1_217' title='bbox 1134 2354 1150 2393; x_wconf 88' lang='lat' dir='ltr'><strong>a</strong></span> <span class='ocrx_word' id='word_1_218' title='bbox 1168 2332 1282 2391; x_wconf 88' lang='lat' dir='ltr'><strong>Poeman-</strong></span> 
     </span>
     <span class='ocr_line' id='line_1_25' title="bbox 162 2415 1281 2498; baseline -0.007 -21"><span class='ocrx_word' id='word_1_219' title='bbox 162 2418 228 2490; x_wconf 94' lang='lat' dir='ltr'><strong>dro,</strong></span> <span class='ocrx_word' id='word_1_220' title='bbox 253 2422 331 2478; x_wconf 87' lang='lat' dir='ltr'><strong>cuius</strong></span> <span class='ocrx_word' id='word_1_221' title='bbox 350 2421 400 2479; x_wconf 90' lang='lat' dir='ltr'><strong>sub</strong></span> <span class='ocrx_word' id='word_1_222' title='bbox 425 2440 547 2493; x_wconf 89' lang='lat' dir='ltr'><strong>persona</strong></span> <span class='ocrx_word' id='word_1_223' title='bbox 567 2419 708 2479; x_wconf 89' lang='lat' dir='ltr'><strong>Christum</strong></span> <span class='ocrx_word' id='word_1_224' title='bbox 727 2422 815 2498; x_wconf 90' lang='lat' dir='ltr'><strong>ipsum</strong></span> <span class='ocrx_word' id='word_1_225' title='bbox 839 2420 969 2479; x_wconf 79' lang='lat' dir='ltr'><strong>exhiberi</strong></span> <span class='ocrx_word' id='word_1_226' title='bbox 988 2421 1102 2478; x_wconf 89' lang='lat' dir='ltr'><strong>minime</strong></span> <span class='ocrx_word' id='word_1_227' title='bbox 1122 2429 1167 2478; x_wconf 89' lang='lat' dir='ltr'><strong>est</strong></span> <span class='ocrx_word' id='word_1_228' title='bbox 1182 2415 1281 2479; x_wconf 77' lang='lat' dir='ltr'><strong>dubium,</strong></span> 
     </span>
     <span class='ocr_line' id='line_1_26' title="bbox 161 2501 1282 2584; baseline -0.005 -22"><span class='ocrx_word' id='word_1_229' title='bbox 161 2503 197 2562; x_wconf 91' lang='lat' dir='ltr'><strong>de</strong></span> <span class='ocrx_word' id='word_1_230' title='bbox 225 2515 328 2562; x_wconf 89' lang='lat' dir='ltr'><strong>natura</strong></span> <span class='ocrx_word' id='word_1_231' title='bbox 355 2525 448 2564; x_wconf 89' lang='lat' dir='ltr'><strong>rerum</strong></span> <span class='ocrx_word' id='word_1_232' title='bbox 478 2505 629 2584; x_wconf 88' lang='lat' dir='ltr'><strong>mundique</strong></span> <span class='ocrx_word' id='word_1_233' title='bbox 660 2507 821 2576; x_wconf 91' lang='lat' dir='ltr'><strong>creatione,</strong></span> <span class='ocrx_word' id='word_1_234' title='bbox 849 2507 963 2563; x_wconf 90' lang='lat' dir='ltr'><strong>omnino</strong></span> <span class='ocrx_word' id='word_1_235' title='bbox 992 2501 1028 2562; x_wconf 92' lang='lat' dir='ltr'><strong>de</strong></span> <span class='ocrx_word' id='word_1_236' title='bbox 1056 2501 1197 2581; x_wconf 83' lang='lat' dir='ltr'><strong>dogmatis</strong></span> <span class='ocrx_word' id='word_1_237' title='bbox 1216 2514 1282 2560; x_wconf 76' lang='lat' dir='ltr'><strong>verae</strong></span> 
     </span>
     <span class='ocr_line' id='line_1_27' title="bbox 161 2588 1284 2669; baseline -0.004 -23"><span class='ocrx_word' id='word_1_238' title='bbox 161 2589 309 2666; x_wconf 87' lang='lat' dir='ltr'><strong>religionis</strong></span> <span class='ocrx_word' id='word_1_239' title='bbox 328 2589 502 2648; x_wconf 89' lang='lat' dir='ltr'><strong>edoceretur</strong></span> <span class='ocrx_word' id='word_1_240' title='bbox 519 2609 610 2668; x_wconf 87' lang='lat' dir='ltr'><strong>eaque</strong></span> <span class='ocrx_word' id='word_1_241' title='bbox 628 2592 670 2648; x_wconf 92' lang='lat' dir='ltr'><strong>sic</strong></span> <span class='ocrx_word' id='word_1_242' title='bbox 690 2592 768 2669; x_wconf 91' lang='lat' dir='ltr'><strong>quasi</strong></span> <span class='ocrx_word' id='word_1_243' title='bbox 786 2588 919 2649; x_wconf 91' lang='lat' dir='ltr'><strong>divinitus</strong></span> <span class='ocrx_word' id='word_1_244' title='bbox 938 2599 1061 2668; x_wconf 90' lang='lat' dir='ltr'><strong>accepta</strong></span> <span class='ocrx_word' id='word_1_245' title='bbox 1077 2588 1199 2668; x_wconf 89' lang='lat' dir='ltr'><strong>apostoli</strong></span> <span class='ocrx_word' id='word_1_246' title='bbox 1214 2589 1284 2645; x_wconf 82' lang='lat' dir='ltr'><strong>instar</strong></span> 
     </span>
     <span class='ocr_line' id='line_1_28' title="bbox 161 2667 1283 2755; baseline -0.003 -22"><span class='ocrx_word' id='word_1_247' title='bbox 161 2673 315 2733; x_wconf 89' lang='lat' dir='ltr'><strong>Christiani</strong></span> <span class='ocrx_word' id='word_1_248' title='bbox 334 2674 493 2733; x_wconf 88' lang='lat' dir='ltr'><strong>hominibus</strong></span> <span class='ocrx_word' id='word_1_249' title='bbox 512 2676 668 2733; x_wconf 91' lang='lat' dir='ltr'><strong>renuntiari</strong></span> <span class='ocrx_word' id='word_1_250' title='bbox 686 2675 843 2735; x_wconf 87' lang='lat' dir='ltr'><strong>iuberetur.</strong></span> <span class='ocrx_word' id='word_1_251' title='bbox 874 2667 1008 2755; x_wconf 76' lang='grc' dir='ltr'><strong><em>Ἦργμαι,</em></strong></span> <span class='ocrx_word' id='word_1_252' title='bbox 1026 2675 1119 2752; x_wconf 91' lang='lat' dir='ltr'><strong>inquit</strong></span> <span class='ocrx_word' id='word_1_253' title='bbox 1137 2669 1283 2737; x_wconf 72' lang='lat' dir='ltr'><strong>Mercuritt,</strong></span> 
     </span>
     <span class='ocr_line' id='line_1_29' title="bbox 160 2750 1283 2842; baseline -0.001 -22"><span class='ocrx_word' id='word_1_254' title='bbox 160 2753 309 2839; x_wconf 71' lang='grc' dir='ltr'><strong><em>κηρύσσειν</em></strong></span> <span class='ocrx_word' id='word_1_255' title='bbox 326 2771 385 2830; x_wconf 77' lang='grc' dir='ltr'><strong><em>τοῖς</em></strong></span> <span class='ocrx_word' id='word_1_256' title='bbox 402 2754 570 2841; x_wconf 75' lang='grc' dir='ltr'><strong><em>ἀνθρώποις</em></strong></span> <span class='ocrx_word' id='word_1_257' title='bbox 586 2755 620 2820; x_wconf 83' lang='grc' dir='ltr'><strong>τὸ</strong></span> <span class='ocrx_word' id='word_1_258' title='bbox 638 2760 688 2838; x_wconf 80' lang='grc' dir='ltr'><strong>τῆς</strong></span> <span class='ocrx_word' id='word_1_259' title='bbox 705 2756 847 2842; x_wconf 73' lang='grc' dir='ltr'><em>εὐσεβείας</em></span> <span class='ocrx_word' id='word_1_260' title='bbox 864 2761 913 2820; x_wconf 81' lang='grc' dir='ltr'><strong>καὶ</strong></span> <span class='ocrx_word' id='word_1_261' title='bbox 930 2763 981 2838; x_wconf 77' lang='grc' dir='ltr'><strong>τῆς</strong></span> <span class='ocrx_word' id='word_1_262' title='bbox 998 2754 1128 2837; x_wconf 70' lang='grc' dir='ltr'><strong><em>γνώσεως</em></strong></span> <span class='ocrx_word' id='word_1_263' title='bbox 1143 2760 1229 2829; x_wconf 78' lang='grc' dir='ltr'><strong>κλέος.</strong></span> <span class='ocrx_word' id='word_1_264' title='bbox 1250 2750 1283 2810; x_wconf 67' lang='grc' dir='ltr'>ΙΙΙ·</span> 
     </span>
     <span class='ocr_line' id='line_1_30' title="bbox 102 2843 1285 2921; baseline -0.003 -18"><span class='ocrx_word' id='word_1_265' title='bbox 102 2882 123 2913; x_wconf 70' lang='grc'><strong><em>,</em></strong></span> <span class='ocrx_word' id='word_1_266' title='bbox 160 2844 321 2905; x_wconf 90' lang='lat' dir='ltr'><strong>Casauhon.</strong></span> <span class='ocrx_word' id='word_1_267' title='bbox 333 2846 460 2906; x_wconf 84' lang='lat' dir='ltr'><strong>Exercit.</strong></span> <span class='ocrx_word' id='word_1_268' title='bbox 470 2845 505 2904; x_wconf 88' lang='lat' dir='ltr'><strong>ad</strong></span> <span class='ocrx_word' id='word_1_269' title='bbox 517 2845 634 2903; x_wconf 90' lang='lat' dir='ltr'><strong>Baronii</strong></span> <span class='ocrx_word' id='word_1_270' title='bbox 644 2846 737 2905; x_wconf 91' lang='lat' dir='ltr'><strong>annal.</strong></span> <span class='ocrx_word' id='word_1_271' title='bbox 750 2845 796 2906; x_wconf 93' lang='lat' dir='ltr'><strong>ed.</strong></span> <span class='ocrx_word' id='word_1_272' title='bbox 807 2845 1035 2908; x_wconf 67' lang='lat' dir='ltr'><strong>Francoidiillh.</strong></span> <span class='ocrx_word' id='word_1_273' title='bbox 1045 2863 1072 2921; x_wconf 81' lang='lat' dir='ltr'><strong>p.</strong></span> <span class='ocrx_word' id='word_1_274' title='bbox 1083 2850 1134 2909; x_wconf 88' lang='grc'><strong>61.</strong></span> <span class='ocrx_word' id='word_1_275' title='bbox 1149 2843 1285 2918; x_wconf 79' lang='lat' dir='ltr'><strong>Baumgut·</strong></span> 
     </span>
     <span class='ocr_line' id='line_1_31' title="bbox 160 2927 1286 3009; baseline -0.001 -21"><span class='ocrx_word' id='word_1_276' title='bbox 160 2930 382 2990; x_wconf 89' lang='lat' dir='ltr'><strong>ten-Crusiusdo</strong></span> <span class='ocrx_word' id='word_1_277' title='bbox 393 2931 529 2989; x_wconf 88' lang='lat' dir='ltr'><strong>librorum</strong></span> <span class='ocrx_word' id='word_1_278' title='bbox 537 2930 763 2989; x_wconf 89' lang='lat' dir='ltr'><strong>Hermeticorum</strong></span> <span class='ocrx_word' id='word_1_279' title='bbox 771 2932 974 3009; x_wconf 85' lang='lat' dir='ltr'><strong>origineatque</strong></span> <span class='ocrx_word' id='word_1_280' title='bbox 984 2927 1091 2989; x_wconf 88' lang='lat' dir='ltr'><strong>indole.</strong></span> <span class='ocrx_word' id='word_1_281' title='bbox 1102 2928 1286 2991; x_wconf 76' lang='lat' dir='ltr'><strong>lena01827·“</strong></span> 
     </span>
    </p>
   </div>
   <div class='ocr_carea' id='block_1_5' title="bbox 158 3041 1291 3551">
    <p class='ocr_par' dir='ltr' id='par_1_5' title="bbox 158 3041 1291 3551">
     <span class='ocr_line' id='line_1_32' title="bbox 244 3041 1287 3128; baseline -0.005 -22"><span class='ocrx_word' id='word_1_282' title='bbox 244 3049 373 3109; x_wconf 70' lang='lat' dir='ltr'><strong>Coruum.</strong></span> <span class='ocrx_word' id='word_1_283' title='bbox 393 3047 447 3118; x_wconf 85' lang='grc' dir='ltr'>ΙΙΙ,</span> <span class='ocrx_word' id='word_1_284' title='bbox 469 3053 517 3110; x_wconf 89' lang='grc'><strong>17.</strong></span> <span class='ocrx_word' id='word_1_285' title='bbox 545 3050 677 3107; x_wconf 78' lang='lat' dir='ltr'><strong>Chru&#39;stas</strong></span> <span class='ocrx_word' id='word_1_286' title='bbox 695 3059 726 3107; x_wconf 89' lang='lat' dir='ltr'><strong>ct</strong></span> <span class='ocrx_word' id='word_1_287' title='bbox 742 3049 848 3128; x_wconf 81' lang='lat' dir='ltr'><strong>c&#39;rufloct</strong></span> <span class='ocrx_word' id='word_1_288' title='bbox 866 3058 1047 3125; x_wconf 84' lang='lat' dir='ltr'><strong>ctc....rcgct</strong></span> <span class='ocrx_word' id='word_1_289' title='bbox 1058 3049 1171 3126; x_wconf 80' lang='lat' dir='ltr'><strong>pictus]</strong></span> <span class='ocrx_word' id='word_1_290' title='bbox 1189 3046 1224 3107; x_wconf 92' lang='lat' dir='ltr'><strong>V.</strong></span> <span class='ocrx_word' id='word_1_291' title='bbox 1240 3041 1287 3123; x_wconf 84' lang='lat' dir='ltr'><strong>qui·</strong></span> 
     </span>
     <span class='ocr_line' id='line_1_33' title="bbox 160 3123 1287 3212; baseline -0.005 -20"><span class='ocrx_word' id='word_1_292' title='bbox 160 3133 223 3193; x_wconf 90' lang='lat' dir='ltr'><strong>dam</strong></span> <span class='ocrx_word' id='word_1_293' title='bbox 243 3133 277 3195; x_wconf 89' lang='lat' dir='ltr'><strong>D.</strong></span> <span class='ocrx_word' id='word_1_294' title='bbox 297 3137 325 3193; x_wconf 94' lang='lat' dir='ltr'><strong>in</strong></span> <span class='ocrx_word' id='word_1_295' title='bbox 343 3134 501 3194; x_wconf 91' lang='lat' dir='ltr'><strong>Miscellan.</strong></span> <span class='ocrx_word' id='word_1_296' title='bbox 521 3133 670 3194; x_wconf 84' lang='lat' dir='ltr'><strong>Observat.</strong></span> <span class='ocrx_word' id='word_1_297' title='bbox 696 3136 724 3192; x_wconf 93' lang='lat' dir='ltr'><strong>in</strong></span> <span class='ocrx_word' id='word_1_298' title='bbox 751 3144 862 3194; x_wconf 89' lang='lat' dir='ltr'><strong>auctor.</strong></span> <span class='ocrx_word' id='word_1_299' title='bbox 880 3144 951 3194; x_wconf 87' lang='lat' dir='ltr'><strong>vett.</strong></span> <span class='ocrx_word' id='word_1_300' title='bbox 973 3144 1005 3191; x_wconf 92' lang='lat' dir='ltr'><strong>et</strong></span> <span class='ocrx_word' id='word_1_301' title='bbox 1027 3152 1106 3193; x_wconf 92' lang='lat' dir='ltr'><strong>rccc.</strong></span> <span class='ocrx_word' id='word_1_302' title='bbox 1132 3123 1287 3212; x_wconf 78' lang='lat' dir='ltr'><strong>(Amstelud</strong></span> 
     </span>
     <span class='ocr_line' id='line_1_34' title="bbox 162 3216 1288 3297; baseline -0.009 -15"><span class='ocrx_word' id='word_1_303' title='bbox 162 3221 267 3295; x_wconf 83' lang='lat'><strong>1733.)</strong></span> <span class='ocrx_word' id='word_1_304' title='bbox 284 3220 365 3280; x_wconf 78' lang='lat' dir='ltr'><strong>Toni.</strong></span> <span class='ocrx_word' id='word_1_305' title='bbox 385 3219 434 3277; x_wconf 96' lang='grc' dir='ltr'><strong>ΙΙΙ.</strong></span> <span class='ocrx_word' id='word_1_306' title='bbox 453 3240 481 3297; x_wconf 90' lang='lat' dir='ltr'><strong>p.</strong></span> <span class='ocrx_word' id='word_1_307' title='bbox 496 3225 578 3289; x_wconf 75' lang='lat'><strong>320,</strong></span> <span class='ocrx_word' id='word_1_308' title='bbox 598 3218 671 3296; x_wconf 93' lang='lat' dir='ltr'><strong>quod</strong></span> <span class='ocrx_word' id='word_1_309' title='bbox 687 3217 857 3277; x_wconf 90' lang='lat' dir='ltr'><strong>Prudentius</strong></span> <span class='ocrx_word' id='word_1_310' title='bbox 877 3216 1012 3297; x_wconf 88' lang='lat' dir='ltr'><strong>Spiritum</strong></span> <span class='ocrx_word' id='word_1_311' title='bbox 1031 3227 1160 3277; x_wconf 89' lang='lat' dir='ltr'><strong>sanctum</strong></span> <span class='ocrx_word' id='word_1_312' title='bbox 1177 3218 1205 3276; x_wconf 93' lang='lat' dir='ltr'><strong>in</strong></span> <span class='ocrx_word' id='word_1_313' title='bbox 1223 3218 1288 3275; x_wconf 84' lang='lat' dir='ltr'><strong>inru-</strong></span> 
     </span>
     <span class='ocr_line' id='line_1_35' title="bbox 159 3302 1291 3383; baseline -0.004 -20"><span class='ocrx_word' id='word_1_314' title='bbox 159 3306 273 3363; x_wconf 90' lang='lat' dir='ltr'><strong>catione</strong></span> <span class='ocrx_word' id='word_1_315' title='bbox 301 3325 356 3362; x_wconf 90' lang='lat' dir='ltr'><strong>non</strong></span> <span class='ocrx_word' id='word_1_316' title='bbox 384 3304 470 3362; x_wconf 85' lang='lat' dir='ltr'><strong>facilc</strong></span> <span class='ocrx_word' id='word_1_317' title='bbox 498 3305 652 3374; x_wconf 88' lang='lat' dir='ltr'><strong>omisisset,</strong></span> <span class='ocrx_word' id='word_1_318' title='bbox 682 3306 784 3362; x_wconf 88' lang='lat' dir='ltr'><strong>mutari</strong></span> <span class='ocrx_word' id='word_1_319' title='bbox 802 3305 875 3362; x_wconf 91' lang='lat' dir='ltr'><strong>vult:</strong></span> <span class='ocrx_word' id='word_1_320' title='bbox 903 3304 1034 3381; x_wconf 66' lang='lat' dir='ltr'><strong>Spuritus</strong></span> <span class='ocrx_word' id='word_1_321' title='bbox 1055 3302 1199 3383; x_wconf 81' lang='lat' dir='ltr'><strong>ctc&#39;nst....</strong></span> <span class='ocrx_word' id='word_1_322' title='bbox 1216 3303 1291 3377; x_wconf 78' lang='lat' dir='ltr'><strong>regul</strong></span> 
     </span>
     <span class='ocr_line' id='line_1_36' title="bbox 159 3384 1290 3462; baseline -0.004 -15"><span class='ocrx_word' id='word_1_323' title='bbox 159 3391 272 3462; x_wconf 64' lang='lat' dir='ltr'><strong>deitas,</strong></span> <span class='ocrx_word' id='word_1_324' title='bbox 291 3399 321 3447; x_wconf 90' lang='lat' dir='ltr'><strong>et</strong></span> <span class='ocrx_word' id='word_1_325' title='bbox 337 3390 414 3448; x_wconf 83' lang='lat' dir='ltr'><strong>conl.</strong></span> <span class='ocrx_word' id='word_1_326' title='bbox 429 3387 478 3461; x_wconf 91' lang='lat' dir='ltr'><strong>lV,</strong></span> <span class='ocrx_word' id='word_1_327' title='bbox 498 3394 527 3451; x_wconf 89' lang='grc'><strong>3.</strong></span> <span class='ocrx_word' id='word_1_328' title='bbox 548 3388 594 3458; x_wconf 93' lang='lat' dir='ltr'><strong>Vl,</strong></span> <span class='ocrx_word' id='word_1_329' title='bbox 618 3397 644 3450; x_wconf 93' lang='grc'><strong>1.</strong></span> <span class='ocrx_word' id='word_1_330' title='bbox 663 3387 747 3448; x_wconf 90' lang='lat' dir='ltr'><strong>etde</strong></span> <span class='ocrx_word' id='word_1_331' title='bbox 767 3390 889 3447; x_wconf 83' lang='lat' dir='ltr'><strong>deitatis</strong></span> <span class='ocrx_word' id='word_1_332' title='bbox 904 3407 978 3447; x_wconf 91' lang='lat' dir='ltr'><strong>voce</strong></span> <span class='ocrx_word' id='word_1_333' title='bbox 997 3385 1034 3447; x_wconf 87' lang='grc' dir='ltr'><strong>Α.</strong></span> <span class='ocrx_word' id='word_1_334' title='bbox 1044 3392 1117 3450; x_wconf 84' lang='grc'><strong>838.</strong></span> <span class='ocrx_word' id='word_1_335' title='bbox 1146 3384 1206 3446; x_wconf 90' lang='lat' dir='ltr'><strong>Sed</strong></span> <span class='ocrx_word' id='word_1_336' title='bbox 1223 3392 1290 3445; x_wconf 81' lang='lat' dir='ltr'><strong>recte</strong></span> 
     </span>
     <span class='ocr_line' id='line_1_37' title="bbox 158 3471 1112 3551; baseline -0.001 -18"><span class='ocrx_word' id='word_1_337' title='bbox 158 3475 230 3534; x_wconf 89' lang='lat' dir='ltr'><strong>alius</strong></span> <span class='ocrx_word' id='word_1_338' title='bbox 248 3474 284 3534; x_wconf 90' lang='lat' dir='ltr'><strong>V.</strong></span> <span class='ocrx_word' id='word_1_339' title='bbox 304 3473 338 3533; x_wconf 89' lang='lat' dir='ltr'><strong>D.</strong></span> <span class='ocrx_word' id='word_1_340' title='bbox 357 3472 461 3532; x_wconf 90' lang='lat' dir='ltr'><strong>ibidem</strong></span> <span class='ocrx_word' id='word_1_341' title='bbox 481 3473 504 3532; x_wconf 91' lang='lat' dir='ltr'>B</span> <span class='ocrx_word' id='word_1_342' title='bbox 524 3474 651 3551; x_wconf 87' lang='lat' dir='ltr'><strong>signatus</strong></span> <span class='ocrx_word' id='word_1_343' title='bbox 670 3474 735 3532; x_wconf 90' lang='lat' dir='ltr'><strong>huic</strong></span> <span class='ocrx_word' id='word_1_344' title='bbox 754 3474 914 3532; x_wconf 88' lang='lat' dir='ltr'><strong>sententiae</strong></span> <span class='ocrx_word' id='word_1_345' title='bbox 931 3471 1112 3539; x_wconf 80' lang='lat' dir='ltr'><strong>adversatur.</strong></span> 
     </span>
    </p>
   </div>
   <div class='ocr_carea' id='block_1_6' title="bbox 155 3589 1306 4339">
    <p class='ocr_par' dir='ltr' id='par_1_6' title="bbox 155 3589 1306 4339">
     <span class='ocr_line' id='line_1_38' title="bbox 244 3589 1294 3670; baseline -0.008 -18"><span class='ocrx_word' id='word_1_346' title='bbox 244 3593 372 3653; x_wconf 71' lang='lat' dir='ltr'><strong>Cernens.</strong></span> <span class='ocrx_word' id='word_1_347' title='bbox 391 3592 426 3665; x_wconf 90' lang='lat' dir='ltr'><strong>V,</strong></span> <span class='ocrx_word' id='word_1_348' title='bbox 447 3600 476 3655; x_wconf 93' lang='grc'><strong>1.</strong></span> <span class='ocrx_word' id='word_1_349' title='bbox 498 3592 577 3651; x_wconf 89' lang='lat' dir='ltr'><strong>Beue</strong></span> <span class='ocrx_word' id='word_1_350' title='bbox 596 3592 729 3652; x_wconf 89' lang='lat' dir='ltr'><strong>Daniel.</strong></span> <span class='ocrx_word' id='word_1_351' title='bbox 747 3592 885 3652; x_wconf 84' lang='lat' dir='ltr'><strong>Thesanr.</strong></span> <span class='ocrx_word' id='word_1_352' title='bbox 905 3589 1062 3670; x_wconf 90' lang='lat' dir='ltr'><strong>hymnol.l.</strong></span> <span class='ocrx_word' id='word_1_353' title='bbox 1080 3610 1110 3669; x_wconf 90' lang='lat' dir='ltr'><strong>p.</strong></span> <span class='ocrx_word' id='word_1_354' title='bbox 1122 3595 1203 3661; x_wconf 79' lang='lat'><strong>132..</strong></span> <span class='ocrx_word' id='word_1_355' title='bbox 1222 3605 1294 3667; x_wconf 78' lang='lat' dir='ltr'><strong>quau</strong></span> 
     </span>
     <span class='ocr_line' id='line_1_39' title="bbox 158 3673 1297 3756; baseline -0.008 -16"><span class='ocrx_word' id='word_1_356' title='bbox 158 3678 284 3740; x_wconf 89' lang='lat' dir='ltr'><strong>editione</strong></span> <span class='ocrx_word' id='word_1_357' title='bbox 303 3698 366 3737; x_wconf 89' lang='lat' dir='ltr'><strong>mea</strong></span> <span class='ocrx_word' id='word_1_358' title='bbox 385 3680 439 3737; x_wconf 91' lang='lat' dir='ltr'><strong>iam</strong></span> <span class='ocrx_word' id='word_1_359' title='bbox 459 3677 590 3736; x_wconf 89' lang='lat' dir='ltr'><strong>absoluta</strong></span> <span class='ocrx_word' id='word_1_360' title='bbox 608 3680 724 3756; x_wconf 83' lang='lat' dir='ltr'><strong>accepi:</strong></span> <span class='ocrx_word' id='word_1_361' title='bbox 744 3678 818 3748; x_wconf 76' lang='lat' dir='ltr'><strong>„Ad</strong></span> <span class='ocrx_word' id='word_1_362' title='bbox 834 3681 981 3736; x_wconf 62' lang='lat' dir='ltr'><strong>recensum</strong></span> <span class='ocrx_word' id='word_1_363' title='bbox 1000 3677 1150 3735; x_wconf 81' lang='lat' dir='ltr'><strong>lucernae.</strong></span> <span class='ocrx_word' id='word_1_364' title='bbox 1190 3673 1228 3734; x_wconf 91' lang='lat' dir='ltr'><strong>Ut</strong></span> <span class='ocrx_word' id='word_1_365' title='bbox 1243 3673 1297 3753; x_wconf 80' lang='lat' dir='ltr'><strong>pls·</strong></span> 
     </span>
     <span class='ocr_line' id='line_1_40' title="bbox 157 3755 1297 3840; baseline -0.008 -16"><span class='ocrx_word' id='word_1_366' title='bbox 157 3777 205 3825; x_wconf 91' lang='lat' dir='ltr'><strong>cet</strong></span> <span class='ocrx_word' id='word_1_367' title='bbox 233 3764 302 3826; x_wconf 89' lang='lat' dir='ltr'><strong>edit.</strong></span> <span class='ocrx_word' id='word_1_368' title='bbox 320 3762 466 3822; x_wconf 87' lang='lat' dir='ltr'><strong>Parmensi</strong></span> <span class='ocrx_word' id='word_1_369' title='bbox 494 3763 531 3839; x_wconf 89' lang='lat' dir='ltr'><strong>[a.</strong></span> <span class='ocrx_word' id='word_1_370' title='bbox 552 3763 669 3838; x_wconf 85' lang='lat'><strong>1788.],</strong></span> <span class='ocrx_word' id='word_1_371' title='bbox 697 3772 814 3840; x_wconf 90' lang='lat' dir='ltr'><strong>praeter</strong></span> <span class='ocrx_word' id='word_1_372' title='bbox 841 3762 908 3822; x_wconf 91' lang='lat' dir='ltr'><strong>Mss.</strong></span> <span class='ocrx_word' id='word_1_373' title='bbox 928 3760 1020 3820; x_wconf 88' lang='lat' dir='ltr'><strong>Codd.</strong></span> <span class='ocrx_word' id='word_1_374' title='bbox 1043 3760 1246 3819; x_wconf 85' lang='lat' dir='ltr'><strong>auctoritatem</strong></span> <span class='ocrx_word' id='word_1_375' title='bbox 1271 3755 1297 3815; x_wconf 94' lang='lat' dir='ltr'><strong>id</strong></span> 
     </span>
     <span class='ocr_line' id='line_1_41' title="bbox 155 3841 1299 3926; baseline -0.009 -15"><span class='ocrx_word' id='word_1_376' title='bbox 155 3851 258 3911; x_wconf 83' lang='lat' dir='ltr'><strong>suadet</strong></span> <span class='ocrx_word' id='word_1_377' title='bbox 276 3849 342 3908; x_wconf 91' lang='lat' dir='ltr'><strong>libri</strong></span> <span class='ocrx_word' id='word_1_378' title='bbox 360 3849 488 3908; x_wconf 86' lang='lat' dir='ltr'><strong>Cathcm.</strong></span> <span class='ocrx_word' id='word_1_379' title='bbox 508 3845 595 3918; x_wconf 93' lang='lat' dir='ltr'><strong>ordo,</strong></span> <span class='ocrx_word' id='word_1_380' title='bbox 624 3857 654 3904; x_wconf 91' lang='lat' dir='ltr'><strong>ut</strong></span> <span class='ocrx_word' id='word_1_381' title='bbox 680 3850 792 3926; x_wconf 92' lang='lat' dir='ltr'><strong>quintus</strong></span> <span class='ocrx_word' id='word_1_382' title='bbox 819 3846 939 3925; x_wconf 81' lang='lat' dir='ltr'><strong>hymnus</strong></span> <span class='ocrx_word' id='word_1_383' title='bbox 966 3842 1179 3922; x_wconf 84' lang='lat' dir='ltr'><strong>intellegendus</strong></span> <span class='ocrx_word' id='word_1_384' title='bbox 1206 3846 1243 3903; x_wconf 91' lang='lat' dir='ltr'><strong>sit</strong></span> <span class='ocrx_word' id='word_1_385' title='bbox 1265 3841 1299 3902; x_wconf 88' lang='lat' dir='ltr'><strong>do</strong></span> 
     </span>
     <span class='ocr_line' id='line_1_42' title="bbox 155 3929 1300 4016; baseline -0.004 -23"><span class='ocrx_word' id='word_1_386' title='bbox 155 3936 302 4016; x_wconf 92' lang='lat' dir='ltr'><strong>Vesperis,</strong></span> <span class='ocrx_word' id='word_1_387' title='bbox 321 3936 350 3992; x_wconf 92' lang='lat' dir='ltr'><strong>in</strong></span> <span class='ocrx_word' id='word_1_388' title='bbox 369 3934 468 4012; x_wconf 91' lang='lat' dir='ltr'><strong>quibus</strong></span> <span class='ocrx_word' id='word_1_389' title='bbox 487 3933 635 4012; x_wconf 89' lang='lat' dir='ltr'><strong>sollempni</strong></span> <span class='ocrx_word' id='word_1_390' title='bbox 660 3952 738 3991; x_wconf 91' lang='lat' dir='ltr'><strong>more</strong></span> <span class='ocrx_word' id='word_1_391' title='bbox 763 3931 885 3990; x_wconf 87' lang='lat' dir='ltr'><strong>accendi</strong></span> <span class='ocrx_word' id='word_1_392' title='bbox 911 3931 1042 3989; x_wconf 90' lang='lat' dir='ltr'><strong>lucernas</strong></span> <span class='ocrx_word' id='word_1_393' title='bbox 1061 3929 1211 3989; x_wconf 89' lang='lat' dir='ltr'><strong>Prudentii</strong></span> <span class='ocrx_word' id='word_1_394' title='bbox 1233 3948 1300 3989; x_wconf 82' lang='lat' dir='ltr'><strong>acro</strong></span> 
     </span>
     <span class='ocr_line' id='line_1_43' title="bbox 156 4014 1301 4088; baseline -0.007 -8"><span class='ocrx_word' id='word_1_395' title='bbox 156 4042 217 4082; x_wconf 88' lang='lat' dir='ltr'><strong>roos</strong></span> <span class='ocrx_word' id='word_1_396' title='bbox 234 4021 336 4081; x_wconf 85' lang='lat' dir='ltr'><strong>luerit:</strong></span> <span class='ocrx_word' id='word_1_397' title='bbox 356 4021 423 4078; x_wconf 89' lang='lat' dir='ltr'><strong>item</strong></span> <span class='ocrx_word' id='word_1_398' title='bbox 444 4016 586 4077; x_wconf 89' lang='lat' dir='ltr'><strong>Sirmond.</strong></span> <span class='ocrx_word' id='word_1_399' title='bbox 607 4016 641 4076; x_wconf 87' lang='lat' dir='ltr'><strong>ad</strong></span> <span class='ocrx_word' id='word_1_400' title='bbox 659 4016 826 4088; x_wconf 73' lang='lat' dir='ltr'><strong>limodiam,</strong></span> <span class='ocrx_word' id='word_1_401' title='bbox 846 4014 977 4075; x_wconf 90' lang='lat' dir='ltr'><strong>Menard.</strong></span> <span class='ocrx_word' id='word_1_402' title='bbox 995 4016 1023 4074; x_wconf 93' lang='lat' dir='ltr'><strong>in</strong></span> <span class='ocrx_word' id='word_1_403' title='bbox 1039 4014 1159 4075; x_wconf 81' lang='lat' dir='ltr'><strong>Obscrr.</strong></span> <span class='ocrx_word' id='word_1_404' title='bbox 1179 4014 1217 4074; x_wconf 80' lang='lat' dir='ltr'><strong>ad</strong></span> <span class='ocrx_word' id='word_1_405' title='bbox 1236 4034 1301 4074; x_wconf 79' lang='lat' dir='ltr'><strong>cuu-</strong></span> 
     </span>
     <span class='ocr_line' id='line_1_44' title="bbox 156 4099 1302 4183; baseline -0.008 -18"><span class='ocrx_word' id='word_1_406' title='bbox 156 4106 237 4167; x_wconf 91' lang='lat' dir='ltr'><strong>cord.</strong></span> <span class='ocrx_word' id='word_1_407' title='bbox 261 4106 353 4183; x_wconf 87' lang='lat' dir='ltr'><strong>regul.</strong></span> <span class='ocrx_word' id='word_1_408' title='bbox 379 4125 442 4182; x_wconf 90' lang='lat' dir='ltr'><strong>cap.</strong></span> <span class='ocrx_word' id='word_1_409' title='bbox 461 4108 517 4173; x_wconf 76' lang='lat'><strong>24,</strong></span> <span class='ocrx_word' id='word_1_410' title='bbox 536 4108 565 4166; x_wconf 80' lang='lat'><strong>2.</strong></span> <span class='ocrx_word' id='word_1_411' title='bbox 592 4103 740 4162; x_wconf 91' lang='lat' dir='ltr'><strong>Mahillon.</strong></span> <span class='ocrx_word' id='word_1_412' title='bbox 764 4101 800 4160; x_wconf 91' lang='lat' dir='ltr'><strong>de</strong></span> <span class='ocrx_word' id='word_1_413' title='bbox 824 4102 921 4179; x_wconf 89' lang='lat' dir='ltr'><strong>liturg.</strong></span> <span class='ocrx_word' id='word_1_414' title='bbox 945 4099 1049 4161; x_wconf 87' lang='lat' dir='ltr'><strong>Gallie.</strong></span> <span class='ocrx_word' id='word_1_415' title='bbox 1068 4099 1105 4160; x_wconf 93' lang='grc' dir='ltr'><strong>ΙΙ.</strong></span> <span class='ocrx_word' id='word_1_416' title='bbox 1132 4120 1163 4179; x_wconf 90' lang='lat' dir='ltr'><strong>p.</strong></span> <span class='ocrx_word' id='word_1_417' title='bbox 1185 4106 1245 4164; x_wconf 71' lang='grc'><strong>141</strong></span> <span class='ocrx_word' id='word_1_418' title='bbox 1261 4118 1302 4178; x_wconf 89' lang='lat' dir='ltr'><strong>sq.</strong></span> 
     </span>
     <span class='ocr_line' id='line_1_45' title="bbox 156 4186 1305 4272; baseline -0.005 -21"><span class='ocrx_word' id='word_1_419' title='bbox 156 4193 288 4272; x_wconf 87' lang='lat' dir='ltr'><strong>hymnum</strong></span> <span class='ocrx_word' id='word_1_420' title='bbox 307 4188 344 4248; x_wconf 91' lang='lat' dir='ltr'><strong>ad</strong></span> <span class='ocrx_word' id='word_1_421' title='bbox 367 4186 568 4249; x_wconf 88' lang='lat' dir='ltr'><strong>accendendas</strong></span> <span class='ocrx_word' id='word_1_422' title='bbox 595 4191 624 4246; x_wconf 95' lang='lat' dir='ltr'><strong>in</strong></span> <span class='ocrx_word' id='word_1_423' title='bbox 655 4188 817 4247; x_wconf 89' lang='lat' dir='ltr'><strong>lucernario</strong></span> <span class='ocrx_word' id='word_1_424' title='bbox 847 4187 979 4245; x_wconf 87' lang='lat' dir='ltr'><strong>lucernas</strong></span> <span class='ocrx_word' id='word_1_425' title='bbox 1001 4187 1089 4245; x_wconf 86' lang='lat' dir='ltr'><strong>fuisse</strong></span> <span class='ocrx_word' id='word_1_426' title='bbox 1114 4188 1305 4265; x_wconf 78' lang='lat' dir='ltr'><strong>compositum</strong></span> 
     </span>
     <span class='ocr_line' id='line_1_46' title="bbox 156 4271 1306 4339; baseline -0.006 -2"><span class='ocrx_word' id='word_1_427' title='bbox 156 4276 356 4337; x_wconf 87' lang='lat' dir='ltr'><strong>decreverunt.</strong></span> <span class='ocrx_word' id='word_1_428' title='bbox 401 4275 431 4333; x_wconf 93' lang='lat' dir='ltr'><strong>ln</strong></span> <span class='ocrx_word' id='word_1_429' title='bbox 451 4274 535 4333; x_wconf 84' lang='lat' dir='ltr'><strong>Febr.</strong></span> <span class='ocrx_word' id='word_1_430' title='bbox 554 4285 584 4331; x_wconf 90' lang='lat' dir='ltr'><strong>ct</strong></span> <span class='ocrx_word' id='word_1_431' title='bbox 603 4272 692 4334; x_wconf 89' lang='lat' dir='ltr'><strong>Cisel.</strong></span> <span class='ocrx_word' id='word_1_432' title='bbox 712 4271 792 4332; x_wconf 83' lang='lat' dir='ltr'><strong>cdd:</strong></span> <span class='ocrx_word' id='word_1_433' title='bbox 821 4274 861 4331; x_wconf 85' lang='lat' dir='ltr'><strong>od</strong></span> <span class='ocrx_word' id='word_1_434' title='bbox 878 4273 1024 4331; x_wconf 80' lang='lat' dir='ltr'><strong>incensum</strong></span> <span class='ocrx_word' id='word_1_435' title='bbox 1042 4272 1126 4331; x_wconf 82' lang='lat' dir='ltr'><strong>cerei</strong></span> <span class='ocrx_word' id='word_1_436' title='bbox 1139 4272 1306 4339; x_wconf 76' lang='lat' dir='ltr'><strong>Poschulr&#39;s,</strong></span> 
     </span>
    </p>
   </div>
   <div class='ocr_carea' id='block_1_7' title="bbox 77 4356 1308 4526">
    <p class='ocr_par' dir='ltr' id='par_1_7' title="bbox 77 4356 1308 4526">
     <span class='ocr_line' id='line_1_47' title="bbox 156 4356 1308 4442; baseline -0.007 -19"><span class='ocrx_word' id='word_1_437' title='bbox 156 4382 228 4442; x_wconf 88' lang='lat' dir='ltr'><strong>qnae</strong></span> <span class='ocrx_word' id='word_1_438' title='bbox 248 4360 397 4437; x_wconf 90' lang='lat' dir='ltr'><strong>inscriptio</strong></span> <span class='ocrx_word' id='word_1_439' title='bbox 416 4362 444 4417; x_wconf 90' lang='lat' dir='ltr'><strong>in</strong></span> <span class='ocrx_word' id='word_1_440' title='bbox 464 4358 592 4419; x_wconf 89' lang='lat' dir='ltr'><strong>editione</strong></span> <span class='ocrx_word' id='word_1_441' title='bbox 613 4357 758 4419; x_wconf 87' lang='lat' dir='ltr'><strong>Prudentii</strong></span> <span class='ocrx_word' id='word_1_442' title='bbox 778 4375 928 4436; x_wconf 84' lang='lat' dir='ltr'><strong>perversa,</strong></span> <span class='ocrx_word' id='word_1_443' title='bbox 947 4358 976 4416; x_wconf 92' lang='lat' dir='ltr'><strong>in</strong></span> <span class='ocrx_word' id='word_1_444' title='bbox 995 4356 1145 4436; x_wconf 75' lang='lat' dir='ltr'><strong>hymnario</strong></span> <span class='ocrx_word' id='word_1_445' title='bbox 1164 4356 1308 4417; x_wconf 85' lang='lat' dir='ltr'><strong>ecclesia·</strong></span> 
     </span>
     <span class='ocr_line' id='line_1_48' title="bbox 77 4442 426 4526; baseline -0.02 -17"><span class='ocrx_word' id='word_1_446' title='bbox 77 4442 80 4447; x_wconf 43' lang='lat'><strong>⁴</strong></span> <span class='ocrx_word' id='word_1_447' title='bbox 155 4451 227 4508; x_wconf 89' lang='lat' dir='ltr'><strong>stico</strong></span> <span class='ocrx_word' id='word_1_448' title='bbox 246 4442 426 4526; x_wconf 84' lang='lat' dir='ltr'><strong>probanda.“</strong></span> 
     </span>
    </p>
   </div>
   <div class='ocr_carea' id='block_1_8' title="bbox 0 0 1376 4852">
    <p class='ocr_par' dir='ltr' id='par_1_8' title="bbox 0 0 1376 4852">
     <span class='ocr_line' id='line_1_49' title="bbox 0 0 1376 4852; baseline 0 4"><span class='ocrx_word' id='word_1_449' title='bbox 0 0 1376 4852; x_wconf 95' lang='lat' dir='ltr'><strong> </strong></span> 
     </span>
    </p>
   </div>
  </div>
 </body>
</html>
