2744 4852
153 241 219 307 ¹130
559 234 632 296 Aur.
651 231 799 294 Prudentii
816 232 905 293 Clam.

241 404 385 489 Corporis
403 413 450 468 est
465 401 595 476 licitum,
615 421 731 465 summo
747 410 836 465 tenus
852 397 967 463 extima
984 408 1067 463 tactu
1085 462 1095 469 ,

239 489 338 554 Laesa
357 489 434 554 cotis
450 498 572 550 mouent
588 485 722 570 signarit
738 483 886 568 sanguine
902 483 1014 547 rivum.

324 572 487 637 Exclamat
503 571 610 638 Virtus
627 570 728 634 subito
745 570 881 633 turbatas
901 567 1008 651 „Quid
1027 569 1084 631 boe
1102 570 1168 630 cst?

155 677 204 731 ota
243 657 354 742 „Quae
372 677 477 720 manus
495 655 543 719 bic
559 655 681 717 inimica
697 654 789 717 latet?
811 674 887 736 quae
904 673 1049 737 prospera
1066 663 1173 715 nostra

241 743 418 824 „Vulnerat
434 752 466 804 et
482 742 596 804 ferrum
613 749 698 802 unm
714 741 796 801 iuter
813 738 922 821 gaudia
939 737 1059 802 vibrati

241 828 347 910 „Quid
365 827 450 889 iuvat
466 824 627 888 indomitos
643 824 721 887 bello
740 824 861 891 sedasse
879 825 1014 899 furores,
1045 868 1048 875 .
1080 872 1084 881 ,
1175 862 1178 867 <

242 911 310 991 „Et
326 920 461 973 sanctum
478 909 561 974 vitiis
578 908 769 992 pereuntibus
788 928 875 970 omne
893 917 1061 990 receptam,

124 1036 134 1050 ··
241 997 303 1076 „si
319 994 427 1061 Virtus
440 995 500 1058 sub
518 1013 590 1077 paee
609 992 737 1056 eaditl“
780 991 912 1075 Trepida
930 991 1051 1074 agmina
1068 1001 1200 1054 maestos

155 1099 205 1152 790
240 1080 428 1144 Convertere
445 1079 564 1155 oculos,
585 1078 717 1141 stillabat
733 1077 868 1141 vulneris
886 1077 980 1139 index
1091 1118 1094 1123 -

238 1163 367 1228 Ferrata
385 1163 421 1226 de
437 1173 523 1225 veste
540 1183 642 1224 cruor.
687 1160 766 1224 tlox
783 1172 813 1224 ot
830 1182 924 1244 pavor
941 1162 1057 1224 bostem

238 1247 405 1313 Conminus
422 1247 590 1309 adstantem
608 1245 722 1328 prodita
742 1265 811 1307 nam
828 1245 925 1328 pallor
941 1245 972 1307 in
990 1264 1044 1308 ore

238 1331 385 1397 Conscius
403 1330 524 1394 audacis
543 1330 615 1392 lacti
632 1331 682 1391 dat
699 1329 788 1411 signa
805 1340 921 1402 reatus,

237 1415 280 1478 Et
297 1417 443 1499 deprensa
461 1425 594 1477 tremunt
611 1414 759 1496 languens
776 1434 883 1476 manus
901 1425 931 1476 et
949 1413 1033 1476 color
1050 1413 1167 1476 albens.

152 1520 201 1571 toa
238 1498 422 1564 Circumstat
437 1519 563 1583 propere
581 1499 694 1561 strictis
711 1498 903 1560 mucronibus
921 1497 1017 1560 omnis

236 1583 390 1647 Virtutum
408 1584 489 1667 legio
506 1583 671 1665 exquirens
687 1583 824 1647 fervente
842 1582 969 1645 tumultu

235 1668 278 1737 Et
297 1682 391 1752 genus
409 1679 440 1731 ct
457 1688 582 1743 nomen,
603 1666 729 1751 patriam
747 1678 916 1749 sectamque
934 1665 1091 1748 Deumque

236 1752 332 1835 Quem
351 1753 431 1815 colat
448 1763 479 1814 et
495 1751 588 1814 missu
606 1751 712 1813 cuiatis
731 1752 858 1815 venerit.
901 1751 959 1813 llla

234 1835 395 1920 Exanguis
417 1837 557 1899 turbante
576 1846 671 1898 incur:
693 1832 879 1913 „Discordia
897 1835 997 1911 dicor,

151 1938 201 1990 tto
221 1919 474 2003 ‘‚‚Cognomento
492 1919 634 1993 Heresis:
655 1918 738 1983 Deus
756 1931 803 1983 cst
819 1920 891 1983 mibi
909 1919 1066 1982 discolor“
1084 1918 1184 2002 inquit

237 2005 353 2085 „Nunc
372 2006 470 2068 minor
486 2016 540 2067 aut
555 2005 667 2081 maior,
684 2004 772 2066 modo
791 2005 902 2088 duplex
918 2015 950 2067 et
966 2005 1053 2066 modo
1071 2003 1211 2089 sinplex,

234 2088 339 2166 „Cum
358 2091 455 2172 placet
471 2109 579 2151 aereus
596 2100 627 2151 et
644 2089 680 2150 de
697 2089 903 2171 phantasmate
921 2088 1022 2166 visus,

234 2175 325 2250 „Aut
343 2174 446 2237 innata
465 2173 565 2234 anima
582 2183 643 2244 est,
661 2172 797 2252 quotiens
815 2175 885 2239 volo
902 2173 1006 2236 ludere
1024 2192 1149 2235 numen:

235 2257 444 2340 „Praeceptor
460 2255 548 2319 Belia
563 2255 636 2318 mibi
653 2256 758 2318 domus
775 2268 806 2319 et
824 2257 912 2340 plaga
928 2258 1066 2319 mundi.“

148 2356 199 2409 715
318 2339 390 2404 Non
410 2340 477 2403 tulit
494 2339 620 2403 ulterius
639 2340 716 2422 capti
733 2340 915 2424 blasphemia
933 2343 1061 2404 monstri

233 2425 387 2492 Virtutum
405 2425 512 2508 regina
529 2423 634 2498 Fides,
653 2426 706 2487 sed
723 2425 816 2488 verba
833 2426 981 2508 loquentis

231 2509 348 2593 lupedit
365 2519 395 2571 et
412 2509 496 2573 vocis
514 2509 625 2572 claudit
642 2509 804 2593 spiramina
822 2511 897 2594 pilo,

231 2593 379 2656 Pollutam
397 2593 494 2675 rigide
512 2594 694 2675 transfigens
712 2595 833 2676 cuspide
850 2595 994 2678 linguam.

233 2675 375 2759 Carpitur
392 2676 557 2740 innumeris
575 2677 679 2738 feralis
696 2677 793 2740 bestia
811 2680 941 2742 dextris:

147 2777 196 2833 720
232 2760 258 2824 F
259 2761 396 2824 rostatim
415 2759 472 2823 sibi
490 2760 614 2843 quisque
632 2761 726 2844 rapit,
745 2764 823 2844 quod
840 2773 964 2847 spargat
981 2763 1012 2825 iu
1031 2783 1137 2843 auras,

232 2845 319 2927 Quod
338 2844 461 2908 canibus
479 2845 584 2922 donet,
603 2846 702 2908 corvis
721 2848 797 2928 qnod
816 2849 956 2911 edacibus
973 2849 1054 2911 ultro

231 2929 363 3007 differat,
382 2929 533 2992 inmundis
552 2949 645 2991 caeno
663 2930 825 2993 exhalante
843 2931 954 2995 cloacis

231 3012 318 3094 Quod
336 3013 452 3085 trudat,
471 3012 614 3074 monstris
633 3014 710 3093 quod
728 3015 848 3078 mandet
865 3016 976 3079 babere
992 3016 1130 3080 marirsis

158 3169 163 3177 ¹
229 3096 397 3160 Discissum
416 3096 512 3169 loedis
530 3097 707 3160 animalibus
726 3118 813 3161 omne
831 3101 961 3164 cadaver

145 3199 195 3254 725
229 3180 397 3260 Dividitur,
416 3181 511 3264 ruptis
530 3181 655 3245 Heresis
674 3182 751 3265 perit
768 3182 891 3248 horrida
907 3185 1059 3249 membris.

314 3263 486 3349 (locopositis
504 3265 598 3348 igitur
614 3286 716 3329 rerum
734 3289 908 3352 morumque
926 3270 1066 3335 secundis

179 3415 425 3480 dbopeotorodld.
444 3443 478 3455 -
495 3416 554 3468 794.
569 3422 695 3482 tremunt]
706 3420 749 3470 ΟΡ
769 3419 903 3486 (alicius,
918 3436 996 3488 quem
1006 3421 1048 3474 rd.
1059 3421 1091 3473 ad
1101 3422 1197 3475 Ouid.
1207 3422 1241 3474 Α.
1252 3425 1286 3484 ll,
1344 3458 1349 3469 .

143 3482 200 3548 81.)
216 3483 309 3532 Heius.
320 3481 366 3534 Ar.
387 3484 458 3543 [sim.
474 3482 551 3549 praes.
566 3485 619 3548 25„
635 3486 709 3537 Iahn.
724 3487 756 3539 ad
766 3490 831 3540 Hor.
843 3489 893 3540 Od.
903 3491 924 3551 Ι,
939 3492 982 3554 24,
999 3490 1068 3554 18.],
1089 3493 1241 3544 tremltcct.
1254 3519 1288 3532 -

143 3549 356 3601 708.iussuAld.
367 3550 440 3612 cett,
451 3552 656 3605 missulletoet.
674 3581 708 3592 -
725 3555 786 3607 713.
804 3556 884 3607 Herod
891 3558 935 3619 W,
947 3556 1092 3609 orrimom'l'
1108 3589 1143 3600 -
1160 3557 1222 3611 ⁷14.
1240 3560 1284 3610 Pr.
1362 3594 1368 3617 ,-.

142 3616 219 3667 Bolia
231 3619 304 3679 aridi,
320 3618 346 3668 d.
358 3624 395 3682 ot]
410 3619 517 3672 ETWm
531 3621 591 3671 Put.
600 3621 655 3672 End.
666 3622 759 3674 Waltz.
771 3631 831 3684 cto..
846 3626 893 3675 Pr.
907 3625 994 3676 Belial
1004 3640 1038 3676 m.
1052 3631 1103 3691 ost,
1119 3626 1147 3677 d.
1162 3631 1205 3678 eet
1216 3627 1284 3693 Aug.

141 3683 215 3746 Ald„
230 3685 281 3735 Est
292 3701 327 3736 m.
333 3703 379 3752 pr.
389 3684 476 3737 Belial
484 3687 510 3738 d.
522 3692 549 3738 et
561 3689 617 3740 Gis.
628 3692 673 3752 IL,
687 3690 734 3742 Pr.
745 3691 832 3742 Belial
839 3694 983 3758 mitificat.
994 3694 1141 3755 celliis-1..
1155 3694 1189 3745 de
1200 3692 1288 3747 Belial

141 3754 191 3813 [uti
202 3752 290 3804 Cbanr.
302 3760 326 3805 et
336 3754 401 3804 Gall.
412 3754 476 3819 lep]
490 3754 533 3806 vd.
543 3756 578 3806 ll.
589 3758 649 3809 919.
662 3789 696 3799 -
711 3758 890 3824 tltsooattc
898 3761 990 3813 Weitz.
1005 3790 1032 3799 -
1048 3762 1108 3816 723.
1120 3762 1284 3814 trodotTtm
1355 3774 1369 3783 ·

140 3819 300 3883 Heiusbr„
321 3822 392 3875 aad.
407 3823 536 3886 Putate..
552 3825 596 3877 vd.
611 3825 643 3877 de
656 3830 845 3880 construetione
858 3827 937 3880 Orell.
952 3827 984 3880 ad
998 3830 1060 3880 Hor.
1075 3828 1126 3881 Od.
1141 3831 1167 3892 l,
1180 3831 1228 3892 24,
1245 3830 1282 3885 18.
1350 3872 1367 3885 ..

141 3886 212 3955 virg.
223 3889 289 3942 Aeo.
298 3890 330 3952 V,
341 3892 401 3943 451.
421 3891 469 3943 09.
479 3893 542 3945 Met.
553 3894 601 3955 111,
612 3893 671 3945 995.
690 3895 780 3947 senec.
792 3896 850 3947 Oct.
860 3896 921 3947 499.
931 3894 964 3947 ib.
975 3897 1051 3948 aoth.
1065 3926 1099 3936 -
1112 3897 1173 3952 724.
1182 3898 1284 3949 Discat-
1351 3896 1371 3945 .“

140 3959 323 4022 tumqueserds
331 3960 389 4024 lim,
399 3958 723 4026 Disomsumfccieweitz„
734 3962 1014 4020 domunculi-725.
1019 3981 1078 4031 per.
1088 3965 1282 4019 bacr.Nabr.-
1346 3958 1361 4019 ἶ·

174 4103 233 4156 719.
249 4108 373 4171 discolor]
391 4108 534 4162 Reseranda
551 4118 612 4163 sont
627 4115 691 4165 min.
725 4127 769 4164 cos
777 4112 999 4182 (A.95l.)etinn.
1011 4133 1055 4167 on.
1066 4116 1097 4168 ad
1108 4130 1164 4179 eos,
1172 4117 1219 4183 qul
1226 4117 1282 4169 Ple-
1349 4108 1363 4161 j:

138 4175 258 4223 mamas.
268 4173 361 4227 odArii
371 4177 510 4228 doctrinam
518 4178 624 4245 (Epipb.
632 4180 691 4232 adr.
725 4182 795 4232 tonis
816 4191 951 4249 praecepto
973 4199 1033 4235 com
1051 4184 1147 4236 Christi
1168 4185 1280 4237 docmina
1351 4180 1365 4193 ⁸

136 4236 207 4290 boor.
218 4240 259 4300 69,
275 4242 301 4292 d.
310 4245 384 4294 Tam.
395 4247 418 4296 1.
432 4261 460 4312 p.
470 4247 530 4297 499.
546 4245 603 4313 13.)
616 4247 690 4313 altpt.
725 4249 923 4317 coniunxerunt,
934 4251 978 4304 td.
988 4252 1111 4319 Augusti.
1121 4251 1185 4305 bist.
1194 4253 1279 4321 dogm.

136 4311 188 4357 oto.
202 4306 407 4363 adbdauicbeeos
425 4313 549 4380 (August.
564 4326 587 4364 c.
601 4316 688 4366 Faust.
723 4316 748 4384 §.
760 4317 864 4368 191-
1355 4350 1358 4355 ·

133 4375 205 4439 XXI,
219 4375 268 4444 l.),
283 4392 338 4429 cer.
347 4413 354 4428 .
363 4414 369 4430 .
378 4381 440 4433 ,oia
454 4380 488 4431 ad
500 4380 690 4434 Phantasmati-
