2744 4852
522 268 592 329 Aur.
612 268 757 329 Prudentii
777 268 865 328 Clam.

332 435 475 520 Spectare
494 438 619 500 torosam
637 437 747 500 lunaine
766 438 891 501 lubrico.

332 521 379 584 lin
399 523 461 585 ales
478 521 558 606 iguis
578 523 709 585 fulminis
728 523 757 585 in
778 524 893 585 mollum

331 607 359 670 V
363 607 478 669 ihrutur
496 610 604 670 ardens
624 619 712 690 atque
731 608 832 671 oculos
852 608 937 670 ferit:

334 690 450 756 Caecus
469 715 594 756 corusco
613 693 723 755 lumine
743 693 860 754 conruit

332 779 432 858 Atque
451 777 481 838 in
501 777 615 860 plateae
634 778 755 861 pulvere
774 778 905 861 palpitat.

332 861 456 924 Tollunt
475 863 591 924 sodales
610 864 787 924 seminecem
807 864 871 924 solo

331 945 500 1029 Verbisque
520 948 629 1010 dellent
646 947 863 1029 exequialibus·

331 1030 398 1093 lhat
417 1032 600 1115 triumphans
618 1033 705 1115 virgo
723 1031 819 1094 Deum
839 1042 952 1115 patrem

333 1113 544 1200 Christumque
563 1138 650 1180 sacro
670 1118 802 1179 carmine
821 1117 998 1190 coracinenS,

331 1200 416 1282 Quod
437 1203 490 1264 suh
510 1203 627 1285 prolani
647 1201 712 1263 labe
731 1202 854 1284 periculi

333 1284 457 1350 Castum
475 1286 601 1368 lupanar
619 1307 674 1349 nec
692 1287 833 1349 violabile

329 1370 465 1454 llxperta
483 1372 595 1433 victrix
613 1371 774 1453 virginitas
795 1373 881 1433 soret.

331 1455 409 1519 Sunt
427 1457 475 1538 qui
494 1466 629 1537 rogatam
649 1455 820 1518 rettulerint
838 1477 942 1539 preces

331 1541 457 1604 lhulisee
477 1538 613 1618 Christo,
633 1542 772 1603 redderet
790 1552 822 1603 nt
840 1562 892 1602 reo

331 1625 442 1689 Lucem
462 1627 586 1689 iacenti:
609 1638 668 1689 turn
687 1626 788 1689 iuveni
807 1626 928 1688 halitum

334 1709 423 1773 Vitae
441 1713 615 1773 innovatum
633 1711 748 1774 visibus
767 1712 905 1791 integris,

329 1795 461 1858 Primum
481 1797 532 1858 sed
551 1790 656 1879 Agnes
675 1797 753 1859 huunc
771 1796 874 1857 hahuit
891 1797 1016 1878 grachum

332 1879 479 1945 (lactastis
498 1882 596 1955 aulae,
617 1903 687 1944 mox
707 1882 782 1943 alius
801 1883 897 1945 datur.

329 1967 486 2030 Accensus
504 1967 579 2028 iram
600 1987 668 2028 nam
687 1967 771 2029 luror
788 1966 893 2028 incitat

330 2050 435 2114 Hostis
455 2052 586 2114 cruenti:
609 2050 777 2129 „Vinc0r“
798 2051 841 2112 ait
859 2071 981 2133 gemeus

332 2135 384 2215 ,‚l,
405 2137 522 2218 stringe
542 2138 654 2198 ferrum
669 2136 759 2198 miles
778 2146 808 2197 ot
826 2155 919 2198 exere

330 2220 520 2304 „Praecepta
541 2221 647 2283 summi
666 2223 750 2302 regia
768 2220 950 2304 principis.“

328 2304 371 2370 Ut
388 2306 462 2369 vidit
479 2307 585 2385 Agnes
605 2317 686 2367 stare
705 2316 819 2368 trucem
837 2306 935 2368 virum

327 2389 475 2453 Macrone
494 2392 587 2469 nudo,
607 2391 715 2453 laetior
733 2392 807 2453 haec
826 2391 882 2452 ait:

329 2475 487 2554 „Exultm
508 2477 577 2539 talis
598 2477 674 2558 quod
694 2476 790 2558 potius
810 2475 894 2538 venit

331 2559 514 2638 ‚‚Vesanus,
534 2572 642 2636 atrox,
664 2560 798 2622 turbidus
818 2560 966 2642 armiger,
1041 2574 1043 2579 ·

329 2643 453 2725 „Quum
473 2645 499 2706 si
516 2645 635 2707 veniret
652 2644 811 2727 languidus
830 2666 864 2706 ac
886 2655 970 2706 tener

329 2727 515 2812 „Mollisque
534 2729 664 2812 ephebus
683 2730 792 2792 tinctus
812 2740 961 2805 aromate,

330 2815 416 2896 „Qui
436 2835 482 2878 me
500 2815 622 2899 pudoris
641 2816 746 2877 sunere
765 2816 913 2898 perderet.

328 2900 430 2980 „Hic‚
452 2900 499 2962 hic
517 2899 724 2971 amatorium,
744 2902 855 2972 fateor,
875 2899 987 2982 placet,

328 2985 409 3063 „Ibo
427 2986 574 3048 inruentis
594 2985 748 3068 gressibus
768 2984 902 3059 obviarn,

329 3068 421 3148 „Nec
440 3070 618 3132 lernorahor
634 3080 704 3133 vota
724 3069 868 3132 calentia:

328 3153 482 3235 ,',Ferrum
501 3155 532 3216 in
551 3155 674 3238 papillas
694 3175 781 3216 omne
799 3174 941 3237 recepero

328 3238 522 3322 „Pectusque
541 3242 577 3302 ad
596 3241 685 3302 imum
704 3241 764 3302 vim
784 3239 874 3322 gladii
892 3237 1023 3301 traham:

329 3323 407 3403 „Sic
426 3337 515 3408 nupta
535 3323 649 3389 Christi
668 3324 834 3386 transiliam
853 3323 913 3407 poli

329 3408 469 3487 „Omnes
488 3411 628 3472 tenebras
647 3410 768 3472 aethere
788 3409 905 3471 celsior.

330 3495 491 3572 „Aeterne
510 3507 624 3568 rector,
645 3495 742 3557 divide
760 3495 866 3556 ianuas

329 3576 442 3658 „Caeli
460 3581 632 3644 obscuratas
652 3578 815 3662 terrigenis
833 3579 930 3662 prius,

147 3717 190 3768 45.
200 3715 314 3783 Eaepeot.
324 3715 385 3768 Aut.
396 3743 430 3753 -
441 3717 482 3767 53.
494 3733 566 3767 coac.
578 3733 659 3767 aaran.
670 3718 693 3769 R
706 3743 740 3751 -
754 3715 797 3767 bh.
809 3716 966 3780 virginitate
974 3717 999 3766 R
1012 3743 1046 3752 -
1061 3714 1102 3765 59.
1114 3712 1231 3765 tacciam

112 3785 162 3834 sciti
171 3785 294 3836 alimmh
302 3814 337 3823 -
346 3787 389 3837 ht).
399 3787 513 3835 tussibus
522 3785 563 3834 cd.
570 3785 677 3846 Canen,
689 3785 733 3850 qui
743 3785 861 3834 sensibus
870 3783 938 3832 coni.
949 3814 983 3822 —
993 3782 1035 3833 63.
1045 3784 1170 3833 Ascensus
1177 3781 1234 3838 uuus

114 3853 207 3903 Weltz.
219 3853 297 3915 Gall„
307 3853 416 3904 Acamas.
426 3854 448 3905 Α
460 3861 508 3904 eto.
519 3881 552 3890 -
563 3853 605 3904 65.
614 3855 629 3904 Ι
635 3857 697 3915 stc]
713 3851 805 3903 Ambr.
818 3851 912 3902 Cauch.
924 3852 997 3901 Tarr.
1008 3852 1103 3903 Heius.
1113 3851 1168 3912 Ac,
1178 3849 1189 3899 l
1196 3855 1234 3897 om·

114 3919 237 3988 mapa,
247 3922 304 3972 Iam
313 3922 382 3985 Gis„
392 3923 518 3987 Astriage
529 3920 573 3972 hm
584 3922 678 3974 Weitz.
689 3953 722 3963 -
732 3921 775 3971 75.
786 3922 865 3970 obvia
874 3934 927 3985 upa
938 3949 967 3956 -

148 4038 584 4106 65.lsteingo]hur.1.egend.SS.
597 4039 667 4106 (cap,
702 4055 760 4089 sum
769 4041 857 4104 ignem
870 4040 980 4097 iactari,
996 4037 1045 4088 sed
1055 4041 1084 4088 in
1096 4034 1238 4104 dsuaspasta

112 4106 182 4168 24.)=
203 4108 359 4173 Praefectus
376 4111 431 4159 viso
448 4113 522 4159 tanto
539 4109 668 4160 miraculo
696 4109 810 4174 flamraa
820 4107 1066 4157 dtoasascds'tiosom
1072 4107 1239 4174 populantes·

113 4172 289 4243 (v.45...ao.)
307 4192 365 4226 eam
383 4177 496 4228 liberare
509 4177 605 4239 vohait,
623 4177 670 4227 sed
702 4171 1240 4239 metareteamminimecontaegeousffl

111 4243 329 4307 prosmptianam
345 4250 462 4296 metuens
479 4248 608 4296 vicarium
623 4245 669 4296 de·
703 4246 829 4311 Aspasiae
841 4247 869 4293 io
881 4249 991 4309 gutture
1004 4245 1061 4293 ea'us
1074 4244 1193 4307 gladium
1207 4241 1242 4289 ia·

112 4309 232 4375 reliquit,
248 4315 284 4372 ct,
298 4315 362 4376 pecta
371 4329 429 4363 cam
443 4314 556 4364 liberare
565 4329 669 4381 norrpo-
702 4315 790 4378 merge·
798 4314 944 4378 praecepit.
964 4312 1096 4378 hlartprol.
1107 4312 1125 4363 Ι.
1136 4311 1169 4363 l.:
1187 4303 1243 4374 agat

114 4379 181 4441 saie,
200 4379 286 4428 trustis
302 4380 437 4431 abscessit.
466 4381 536 4432 Tunc
553 4385 669 4433 otcarius
705 4383 865 4439 businiacae,
882 4380 928 4430 sed
940 4382 973 4430 iis
985 4396 1034 4446 pos·
1047 4377 1244 4431 orationessunt

114 4446 243 4513 Aspasiae
255 4448 359 4498 nomina
373 4450 450 4498 iussit
466 4464 524 4500 earu
537 4452 565 4501 in
582 4453 670 4517 copto-
704 4452 828 4502 euticetis
836 4448 928 4514 gladio
933 4464 1061 4515 perorasse
1070 4454 1119 4500 ast.
1131 4476 1164 4488 -
