2744 4852
415 318 422 325 ³
494 230 720 314 domnapetra.
770 282 774 287 .
857 151 891 216 ¹,

126 395 303 463 Nocturnae
321 397 430 463 eadunt
445 398 586 465 nebulaet
604 399 759 484 nigrantia
774 398 885 466 cedunt

125 482 255 562 Nubila,
274 482 423 567 praetenti
440 485 519 549 cedit
534 496 616 549 teres
632 505 705 548 area
723 486 837 551 mnndi.
868 532 871 537 -

125 567 194 631 Nec
212 578 326 631 tantum
345 569 444 632 aerios
461 569 530 634 visu
546 571 724 633 transmittit
740 571 841 634 hiatus
932 606 939 615 =

89 650 91 655 ’
126 651 275 736 Spiritus,
295 653 446 738 oppositos
464 655 516 718 sed
533 650 645 717 transit
660 654 774 718 lamiae
788 666 922 736 montes,

125 736 241 804 Oceani
258 738 333 801 fines
351 748 440 821 atque
457 739 562 802 ultima
578 738 680 802 littora
697 739 815 805 Tbulae

126 822 324 906 Transadigit
339 823 659 908 volucresqoccmtos
675 825 709 888 in
725 835 840 888 tartara
858 825 960 889 mittit.
1004 901 1007 906 ,

122 905 246 971 Nostris
264 928 369 991 nempe
386 929 491 972 omnes
507 918 634 993 pereunt
651 910 706 973 sub
724 921 813 974 nocte
829 910 947 974 colores
1112 911 1116 916 ’

124 990 250 1055 Visibus
267 1002 298 1055 ct
315 1013 406 1056 caeco
424 994 562 1057 delentur
579 1004 712 1079 ternpore
729 996 856 1059 formae.

123 1074 277 1159 Numquid
294 1088 325 1140 et
343 1078 428 1141 exuti
446 1078 588 1142 membris
605 1098 642 1141 ao
658 1080 777 1143 viscere
794 1080 924 1164 perdunt

124 1161 290 1245 Agnitione
308 1172 395 1225 notas
412 1183 513 1226 rerum
531 1164 582 1226 vel
599 1164 754 1246 gressibus
772 1166 896 1227 errant?

124 1244 193 1311 Una
211 1246 326 1309 animas
343 1267 461 1332 semper
478 1248 571 1312 facies
589 1248 679 1311 babet
696 1259 727 1311 et
744 1249 828 1328 color
844 1263 924 1312 unus
992 1308 999 1319 ,

125 1330 232 1404 Aeris,
252 1341 285 1393 ut
303 1331 409 1414 cuique
424 1343 472 1396 est
488 1332 663 1397 meritorum
681 1354 814 1412 summa,
833 1333 949 1396 sinistri

124 1414 187 1480 Seu
205 1416 314 1490 dextri3
333 1417 465 1480 attenuas
482 1437 538 1481 nec
555 1418 755 1481 conmutabile
772 1428 906 1503 tempas*

125 1499 285 1565 Convertit
302 1501 458 1585 variatque
474 1504 574 1567 vices:
594 1503 717 1586 longum
734 1512 824 1585 atque
840 1522 973 1587 perenne
990 1513 1038 1565 est

123 1584 201 1668 Quid
224 1585 272 1648 uid
290 1585 401 1665 idest,
420 1606 499 1650 nnus
514 1585 609 1651 volvit
625 1606 679 1650 sua
699 1587 802 1650 secula
819 1604 936 1650 cursus.

237 1681 363 1754 xpertus
382 1671 500 1734 dubitas
516 1672 633 1735 animas
651 1690 828 1755 percurrere
844 1671 926 1735 msu-
1016 1724 1019 1729 .

123 1754 233 1817 Abdita
252 1755 410 1839 corporeis
423 1756 529 1831 oculis,
549 1776 617 1819 oum
632 1776 724 1840 saepe
742 1756 850 1839 quietis

122 1837 206 1902 Rosa
223 1841 374 1923 soporatis
391 1834 497 1905 cernat
514 1861 598 1905 mens
616 1841 686 1906 viva
703 1851 836 1904 remotos

123 1920 338 2007 Distantesque
356 1924 455 2001 locos,
473 1926 568 1988 aciem
585 1944 640 2010 per
657 1944 744 2005 rura,
765 1945 819 2012 per
835 1934 936 2002 astra,

122 2005 183 2072 Per
200 2009 293 2071 maria
312 2009 487 2073 intendens:
508 2031 564 2073 nec
580 2010 660 2074 enim
678 2030 712 2073 se
730 2020 874 2094 segreget
887 2009 955 2094 ipsa

122 2095 204 2156 Ante
225 2093 337 2156 obitum
353 2093 433 2158 vivis
451 2114 492 2158 ox
509 2094 652 2171 urbibus,
672 2105 724 2158 ant
742 2095 820 2179 lugit
835 2095 927 2158 exul·

123 2174 287 2261 Sanguinis
305 2189 337 2242 ot
352 2178 453 2242 caruis
470 2179 652 2264 penetralia,
673 2179 918 2262 seque-medullis

121 2260 218 2326 Exuit
235 2262 430 2328 abductamve
447 2265 542 2348 abigit
559 2266 595 2328 de
611 2275 732 2349 pectore
747 2264 858 2329 vitant

123 2344 269 2411 Viscerea
287 2349 339 2411 sed
358 2349 428 2411 sede
444 2368 571 2413 manens
588 2350 760 2433 speculatur
776 2351 873 2413 acutis

124 2429 233 2495 0mnia
250 2432 427 2512 luminibus,
448 2444 478 2496 et
496 2453 553 2516 qua
571 2434 753 2496 circumtulit
770 2454 872 2497 acrem

122 2513 259 2580 Naturae
275 2517 352 2582 levis
369 2518 509 2582 intuitum
527 2518 610 2583 nullo
627 2517 712 2582 obice
728 2538 831 2582 rerum

123 2597 279 2675 Disclnsa‚
300 2613 369 2666 ante
388 2603 490 2667 oeulos
509 2603 674 2667 subiectum
691 2603 835 2687 prospicit
852 2602 955 2667 orbem

109 2685 220 2769 ‘Atque
238 2686 320 2751 orbis
337 2687 392 2751 sub
410 2689 488 2751 mole
505 2688 595 2751 situm
612 2689 739 2751 sordens
757 2688 949 2755 elementum.

122 2769 250 2834 obiacet
266 2771 382 2836 interea
400 2772 505 2850 tellus,
524 2790 581 2835 neo
597 2771 712 2835 visibus
731 2772 840 2834 obstat.

122 2852 202 2938 Quin
219 2856 247 2918 si
263 2856 448 2937 stelligerum
465 2857 565 2920 vultus
583 2866 741 2920 convertat
757 2856 795 2918 ad
811 2874 917 2935 axem,

122 2937 173 3003 Nil
188 2941 397 3005 intercurrens
415 2941 567 3005 obtutibus
584 2941 706 3025 impedit
720 2941 822 3026 ignem
900 2978 904 2995 ι

121 3022 280 3106 Pervigilis
297 3026 431 3101 animae,
451 3026 586 3111 pramis
604 3027 728 3089 demta
746 3035 911 3109 graventur

121 3106 232 3174 Nubila
250 3121 282 3174 et
297 3110 433 3195 opposito
452 3111 606 3195 nigrescat
622 3110 735 3174 vellere
751 3111 876 3174 caelum.

205 3192 257 3259 Sic
274 3214 386 3258 arcana
404 3195 485 3259 videt
502 3192 601 3265 tacitis
619 3204 761 3278 cooperta
778 3193 887 3258 futuris

122 3268 293 3363 Corporeus
311 3276 434 3343 loannis
451 3278 563 3353 adbuc,
583 3299 639 3344 nec
656 3298 748 3342 carne
763 3279 897 3355 solutus,

120 3360 249 3427 Munera
266 3365 319 3427 sed
336 3365 468 3448 sompni,
486 3363 649 3449 paullisper
664 3383 757 3427 carne
772 3375 931 3447 sequestra
1014 3398 1017 3403 ·

120 3442 214 3511 Liber
231 3449 269 3511 ad
285 3448 424 3512 intuitum
442 3464 592 3549 sensuque
610 3448 762 3533 oculisque
782 3466 949 3534 peragrans

119 3528 236 3597 (ludina
255 3532 414 3621 dispositus
431 3546 569 3601 venturus
586 3534 700 3598 solibus
718 3552 814 3597 annos

114 3610 311 3682 Prooinctum
328 3616 412 3683 videt
428 3617 613 3704 angelicum,
632 3618 691 3683 ianr
709 3616 828 3701 iamq'ua
844 3619 998 3683 cremandi

118 3698 213 3767 Orbis
230 3701 262 3765 in
280 3703 432 3767 excidium
448 3724 558 3767 raucos
575 3714 607 3767 et
660 3703 748 3787 ncipit
764 3723 839 3769 aare
1128 3717 1178 3770 tlt

117 3783 256 3871 bingitus
274 3788 411 3872 gravium
428 3788 532 3851 mundi
548 3787 604 3852 sub
643 3808 680 3853 ne
697 3788 849 3852 tubarum.

70 3920 129 3976 sto·
140 3922 232 3974 Tdilce
239 3924 371 3986 Waltz„
384 3922 477 3978 mas
487 3923 544 3976 Gla.
552 3922 601 3975 dr.
608 3948 642 3963 -
649 3922 896 3987 8⁸1.th
906 3917 1177 3973 anassemwee.

70 3986 136 4053 lna,
148 3992 293 4042 mamcdiit
300 3993 346 4043 80
354 3990 429 4055 Md„
439 3992 599 4044 trmaaowrtt
606 4006 658 4057 mg.
665 3987 928 4048 uiaruuetttts,
937 3987 1179 4040 ammaeens-

70 4059 94 4111 Ι.
103 4059 255 4126 eaetiaper.
264 4059 379 4126 aaran,
391 4060 450 4112 tort.
461 4060 741 4127 owbtpm...0maea
751 4086 785 4099 -
793 4059 856 4109 884.
865 4056 959 4118 catti]
968 4054 1178 4113 ARPutWeltu

70 4127 95 4179 Ne
103 4127 211 4192 unius-9
222 4132 320 4179 WB
329 4136 378 4180 ea·
388 4156 422 4167 ““
434 4128 495 4180 88⁰·
506 4131 621 4179 mm
628 4126 691 4178 Ald-
701 4154 736 4165 ‘'⁸''
747 4126 808 4178 ⁸⁹¹·
818 4124 1057 4190 mabsam
1065 4137 1092 4174 m
1100 4125 1177 4191 mu·

70 4196 197 4258 awelta,
208 4199 368 4261 sepem,
378 4202 490 4264 expono
498 4195 573 4263 prob.
580 4193 784 4247 8181888-
792 4190 854 4243 888.
864 4190 1039 4244 edtt'tbld.·—
1045 4192 1107 4245 bdd.
1116 4192 1178 4243 dea-

70 4260 295 4385 88
377 4262 723 4395 aaut
731 4258 953 4383 888
964 4259 1178 4382 88

162 4368 169 4383 Ι
234 4369 241 4384 e
255 4362 290 4376 -
360 4369 367 4385 α
605 4367 611 4382 Ι
710 4363 729 4392 θ’
928 4358 963 4371 -
1029 4364 1037 4380 0

77 4396 182 4455 Μ-
