2744 4852
498 220 733 301 Peyelrornachia.

126 386 163 451 ln
181 402 329 451 conrnune
346 385 450 468 bonis,
469 398 625 475 postquem
642 389 724 453 intra
740 398 806 452 tutu
824 390 935 455 mereri

127 470 266 553 Contigit
281 490 318 536 ec
335 472 466 537 statione
482 474 542 538 frui
558 474 697 558 valloque
715 474 813 538 foveri

126 555 273 620 Pacificos
291 576 401 620 sensus
416 568 449 621 ct
465 557 496 621 in
509 558 577 623 otia
594 560 715 624 solvere
732 576 837 632 eurus,

125 639 292 704 Extruitur
307 642 404 735 media
420 653 588 706 castrorum
605 644 677 707 sede
693 642 826 706 tribunat

125 725 263 789 Editiore
281 726 363 804 loco,
380 726 510 791 mmulns
547 747 614 791 uem
632 729 748 793 vertice
764 738 854 793 acuto

125 809 252 874 Excitat
268 810 300 872 in
317 811 485 894 speculem,
503 832 520 876 s
562 811 639 880 'ceta
654 813 734 876 unde
752 813 852 876 omnia
870 812 929 876 late
997 862 1008 889 Ι.

126 893 222 959 Liber
238 895 386 958 inoffenso
404 896 605 981 circumspicit
621 916 693 961 aere
709 897 805 962 visure.

124 978 215 1045 Hunc
232 979 351 1043 sincera
368 978 460 1045 Fides
476 981 566 1045 simul
583 993 614 1046 et
630 979 817 1058 Concordia,
837 1002 927 1046 sacro

125 1063 261 1128 Foedere
277 1064 395 1128 iuratae
413 1062 528 1130 Christi
546 1067 602 1130 enh
618 1086 721 1129 amore
739 1084 877 1144 sorores,

127 1146 341 1212 Conscendunt
358 1148 488 1233 aipieem:
506 1172 579 1214 mox
596 1162 627 1215 ct
644 1151 768 1215 sublime
785 1148 918 1214 tribunat
1039 1222 1042 1227 Α

124 1231 188 1296 Par
204 1243 340 1296 sanctum
357 1255 519 1318 carumque
536 1235 594 1298 sibi
611 1234 814 1319 cupereminct
830 1252 928 1319 aequo

122 1315 194 1381 lure
211 1319 385 1401 potestatis,
402 1321 572 1383 consistunt
589 1339 703 1405 aggere
719 1340 836 1383 summo

126 1400 315 1485 Conspicuae
332 1403 513 1487 populosque
529 1404 633 1469 iubent
650 1406 771 1468 occure
788 1407 972 1487 frequentes.

211 1483 406 1552 Concurrunt
422 1491 539 1552 alacres
555 1490 665 1553 cestris
682 1509 723 1552 ex
740 1489 877 1551 omnibns
895 1508 1016 1565 omnes,

123 1569 217 1635 Nulla
235 1571 308 1635 latet
325 1592 396 1656 pare
412 1572 522 1636 mentis
538 1573 639 1648 iners,
657 1592 735 1656 quae
752 1572 888 1657 corporis
904 1571 967 1634 ullo

124 1655 294 1740 Intercepta
313 1657 382 1719 sinn
399 1677 455 1740 per
470 1657 682 1743 conceptacula
699 1676 768 1721 sese

125 1738 278 1824 Degcncri
295 1740 443 1823 languore
460 1752 559 1826 tegat:
580 1741 710 1805 tentonia
727 1742 841 1825 opertis

125 1822 244 1889 Cuncta
261 1836 366 1910 patent
380 1826 472 1902 velis,
489 1837 668 1890 reserentur
684 1825 826 1904 carbasa,
847 1825 970 1907 nequis

123 1906 263 1973 Marceat
278 1910 408 1973 obscuro
424 1921 556 1974 stertens
575 1911 725 1975 habitator
741 1920 858 1993 operto.

124 1994 259 2058 Auribus
277 1994 400 2057 intentis
413 2005 581 2079 expectant
598 1996 720 2071 concio,
740 1994 880 2078 qnidnem

124 2076 265 2142 Victores
282 2090 350 2161 post
366 2079 444 2142 bella
460 2090 551 2143 vocet
567 2076 737 2143 Concordia
755 2074 908 2163 princeps,

125 2160 222 2244 Quam
240 2162 314 2226 velit
331 2173 419 2246 atque
436 2162 527 2227 Fides
543 2163 707 2227 virtutibus
723 2164 833 2226 addere
851 2161 957 2245 legem.

209 2247 347 2330 Erumpit
363 2248 459 2330 prima
474 2249 507 2310 in
523 2268 628 2313 vocem
647 2246 818 2319 Concordia
834 2245 888 2309 oti
922 2282 925 2287 ·

124 2331 288 2413 Adloquior
311 2330 497 2411 „Cumulata
515 2333 631 2415 quidem
648 2332 709 2395 iam
727 2329 823 2414 gloria
840 2328 943 2407 votis,

125 2415 180 2495 „0
198 2414 315 2494 Patris,
335 2438 353 2479 o
371 2414 492 2479 Domini
510 2416 654 2479 fidissime
671 2417 797 2499 pignera
814 2411 943 2486 Christi,

126 2498 304 2582 ‚‚Concigit:
324 2501 460 2564 extincta
476 2511 525 2564 est
541 2500 634 2564 multo
651 2500 816 2564 certamine
833 2516 927 2562 sacru

125 2582 936 2753 ’1111131311ξὲἕξῑῖᾙίξξῗῖὲίῑῧῑ

125 2716 276 2834 JJPotuca
292 2755 345 2818 sed
362 2755 482 2836 requies
499 2754 626 2837 privatis
642 2774 715 2816 rure
732 2755 859 2834 foroque

125 2835 281 2918 „Constat
297 2839 452 2902 amicitiis:
470 2839 605 2902 scissura
622 2837 784 2901 domesticu
801 2833 905 2898 turbet

92 2940 96 2945 ·
125 2921 228 3002 „Rem
247 2924 347 3006 populi
363 2923 530 3007 titubatque
546 2922 637 2999 foris,
657 2922 735 3005 quod
753 2919 878 2984 dissidet
894 2918 993 2995 intus,
1062 2920 1066 2929 '

124 3006 235 3092 „Ergo
254 3007 446 3083 canetenim,
465 3028 505 3071 ne
522 3009 562 3071 sit
579 3006 729 3072 sententia
746 3006 864 3069 discors

124 3090 305 3242 ’1ῗὲῗὲἰῇ
313 3092 551 3240 iiiiiiffiai?
567 3088 895 3260 tutassent

123 3221 148 3257 tt
547 3220 557 3252 1

122 3258 317 3341 „Coniundit
332 3261 427 3327 variis
443 3282 556 3325 arcena
573 3260 713 3324 biformia
728 3258 827 3323 fibris.

123 3344 238 3429 „Quod
257 3348 403 3431 sapimus,
423 3348 586 3430 coniungat
602 3366 703 3410 amor:
723 3341 964 3429 quaesivimus,
984 3358 1044 3402 uno

76 3496 130 3552 72⁷.
150 3498 224 3548 derue
237 3498 489 3567 uanqotllaeptete
497 3498 534 3551 ad
544 3497 757 3550 eommSenec'due
768 3498 797 3549 e‘n
810 3499 870 3547 tuta
882 3492 948 3545 oallc'
957 3493 1072 3543 eteta'oue
1086 3489 1180 3541 meotis

76 3565 126 3631 ”tf-
136 3570 188 3617 etc.
200 3565 293 3619 ruem
299 3568 359 3618 Put.
369 3565 438 3634 Aug.
453 3566 524 3639 (mar
541 3566 598 3627 .Ε,
612 3565 658 3617 ubl
672 3570 747 3619 uetus
759 3562 835 3616 lectio
846 3574 920 3615 erese
933 3560 998 3628 est),
1015 3561 1075 3611 ton.
1090 3562 1177 3623 mano.

76 3634 102 3685 d.
112 3632 151 3685 od
160 3648 242 3686 amum
250 3632 426 3686 Coactum.
437 3640 487 3687 ete.
536 3632 561 3686 d.
574 3632 632 3686 Gis.
643 3633 680 3693 1.;
698 3632 779 3698 vulg„
798 3644 877 3697 quem
891 3628 1033 3687 edidimus,
1053 3624 1112 3704 edd.
1128 3630 1177 3675 cet.

76 3706 155 3763 rent,
177 3701 224 3752 sed
241 3700 345 3768 probari
362 3708 449 3770 potest
467 3702 526 3754 cod.
544 3703 603 3754 Put.
622 3702 761 3767 scripture,
781 3700 804 3751 et
823 3710 883 3750 cnm
901 3699 924 3749 n
940 3710 966 3748 r.
979 3694 1130 3774 witemu.
1145 3714 1179 3724 —

76 3768 97 3820 t.
116 3768 291 3836 coconem.
307 3771 369 3822 Put.
386 3772 481 3823 Heius.
501 3796 537 3809 -
557 3770 615 3823 734.
634 3768 694 3821 Huc
709 3770 733 3819 E
749 3770 810 3821 Put.
832 3765 876 3819 ed.
892 3763 997 3822 Brutti..
1017 3760 1086 3837 Hauc
1104 3757 1127 3808 0
1145 3786 1178 3796 -

76 3837 97 3888 i·
115 3836 311 3904 (hnspimeeqoe
332 3840 388 3890 iud.
406 3838 480 3889 Futd.
498 3838 592 3890 Weitz.
613 3866 649 3878 -
670 3834 731 3889 743.
752 3835 916 3899 Degenerem
933 3828 1009 3881 Fuld.
1028 3827 1122 3878 Wertz.
1144 3854 1178 3864 —

76 3904 96 3957 i.
114 3910 270 3972 expectent]
287 3906 310 3957 Τ
325 3908 386 3958 Put.
405 3907 510 3970 Heius„
529 3908 654 3972 expectet
668 3911 718 3957 cet.
734 3934 770 3945 -
786 3900 848 3954 ue.
860 3901 978 3967 primm
989 3894 1053 3973 ᾼΙᾱ.
1066 3892 1131 3945 cut.
1144 3918 1180 3931 -

76 3972 98 4024 1.
105 3976 161 4025 eet.
169 3972 208 4039 gt.
217 3972 282 4025 Boh.
292 3974 314 4024 1.
328 4003 363 4012 -
376 3975 436 4026 752.
446 3974 502 4025 Hoc
511 3974 739 4027 mertuorum
747 3969 901 4030 weita-,ose
910 3978 963 4017 om.
972 3960 1135 4043 Grt.p.dttd.
1144 3984 1179 3997 -

77 4038 202 4165 imm
209 4041 271 4095 ΔΜ.
282 4041 340 4095 Gis.
350 4070 378 4083 -·
389 4042 447 4095 760.
456 4043 538 4095 sciere
546 4041 606 4095 Ald.
616 4040 752 4107 ὤμω
760 4038 865 4103 ΕΜ
876 4034 951 4087 1Τ-
959 4030 1020 4088 762.
1029 4031 1181 4081 eouermotet

136 4116 239 4161 etz.-

77 4244 131 4296 153.
151 4247 274 4297 ciream.
292 4246 365 4312 orm]
388 4245 498 4298 Morictt.
522 4244 591 4310 apud
626 4244 658 4295 22
672 4237 829 4291 anteocutos
843 4233 973 4286 habuerit:
989 4233 1031 4287 rd.
1042 4232 1180 4286 schleuss-

76 4313 203 4364 ‚nomam
213 4312 336 4378 intellegit
343 4311 402 4364 cult.
414 4314 441 4364 s.
451 4315 486 4372 lt,
496 4312 528 4374 1.,
543 4311 590 4363 sed
625 4322 679 4361 ner.
689 4307 737 4358 ter.
749 4320 772 4358 s.
782 4319 805 4357 r.
814 4302 891 4362 πόλις
903 4330 932 4341 ·-

77 4378 126 4432 tine
140 4379 247 4444 dubito,
266 4382 329 4446 quin
344 4381 422 4433 Prud.
438 4379 518 4431 Hebe.
533 4379 592 4439 ΧΠ,
920 4453 961 4521 9*
