2744 4852
169 254 232 323 162
327 300 330 304 ι
570 254 641 312 Aur.
663 251 809 313 Prodentii
829 252 920 311 Clem.

337 420 425 485 Talia
443 419 625 503 principibus
644 418 723 482 dicta
740 417 953 482 interfantibus
972 415 1022 479 ille

176 510 179 515 '
219 536 226 556 =
253 505 451 588 Prosequitur
468 505 645 588 magnisque
664 504 764 566 tubam
783 503 977 566 concentibus
995 501 1100 564 inflat:

254 591 386 673 Adlegat
402 610 516 669 morem
535 599 684 661 veterum,
706 589 749 650 nil
766 588 881 651 dulcius
899 607 968 650 esse

173 696 205 745 to
257 675 406 738 Adfirmat
420 674 517 737 solitis
535 674 717 759 populosque
735 673 928 756 hominesque
946 671 1043 734 teneri

256 759 340 842 Lege
359 779 421 821 sua.
465 758 552 823 Sicut
568 759 672 822 variae
691 757 900 835 nascentibus,
920 756 1034 838 inquit,

258 842 447 926 Contingunt
464 843 564 928 pueris
583 844 716 922 animae,
735 843 779 906 sic
798 843 920 906 urbibus
939 842 1038 903 adfert

257 929 343 1004 llora
361 929 481 1010 diesque
500 948 601 1000 suum,
622 946 693 991 cum
706 928 832 1012 primum
850 926 967 989 moenia
988 935 1133 1008 surgunt,

258 1014 324 1077 Aut
340 1013 434 1076 fatum
452 1024 505 1075 aut
523 1014 659 1097 genium,
679 1013 764 1075 cuius
783 1012 985 1075 moderamine
1002 1020 1142 1094 regnent.

175 1119 208 1168 tt
258 1098 357 1174 Addit
370 1107 401 1160 et
418 1117 561 1161 areanum
578 1119 681 1162 rerum
699 1098 823 1180 verique
840 1097 972 1160 latebras

259 1182 465 1267 Prosperitate
484 1183 582 1264 aliqua
601 1183 740 1265 deprendi
759 1202 847 1266 posse
865 1181 988 1244 secundi

261 1266 322 1331 Per
340 1268 515 1329 documenta
535 1267 620 1345 boni,
640 1267 667 1330 si
685 1266 746 1330 sint
764 1267 877 1339 felicia,
898 1286 975 1348 quoe
992 1264 1059 1348 quis

261 1351 456 1435 Experiendo
474 1351 595 1434 probet,
614 1353 743 1414 cessisse
761 1351 935 1435 parentibus
954 1370 1041 1412 omne

242 1436 388 1499 -Idolium
407 1455 525 1519 semper
543 1436 671 1499 feliciter
688 1446 719 1499 et
735 1438 809 1520 pede
826 1437 946 1498 dextro.

179 1541 212 1591 80
264 1520 431 1584 Euomeret
448 1520 531 1603 longi
548 1520 608 1585 vim
628 1522 783 1604 temporis,
802 1521 918 1583 excitat
934 1521 1028 1603 ipsam

264 1603 407 1668 Crinibus
425 1605 572 1668 albentem
591 1605 688 1669 niveis
705 1615 736 1669 ct
753 1607 853 1669 fronte
871 1606 995 1678 vietam,
1057 1628 1061 1637 ¹

265 1689 329 1753 Ore
346 1701 552 1774 reposcentem
569 1691 694 1773 querulo
712 1710 766 1754 sua
784 1691 920 1764 numina,
938 1689 1084 1754 Romani:

265 1773 377 1837 Libera
395 1795 475 1847 sum,
492 1773 582 1838 liceat
599 1775 719 1859 proprio
736 1774 807 1837 mibi
824 1775 929 1840 rivere
947 1794 1043 1837 more.

266 1857 309 1921 Et
326 1858 392 1941 quis
411 1859 483 1933 erit,
504 1860 554 1942 qui
572 1860 651 1922 mille
668 1880 752 1923 meos
767 1859 995 1943 reprehenderit
1011 1860 1127 1921 annosi

182 1963 214 2014 st
267 1941 335 2007 Uno
354 1964 458 2006 omnes
476 1945 531 2006 sub
550 1944 613 2008 sole
631 1945 682 2008 siti
699 1954 876 2028 vegetamur
892 1945 997 2007 eodem

173 2057 189 2109 χ
259 2029 366 2101 dere,
387 2028 542 2092 communis
561 2029 677 2093 conctis
694 2029 865 2094 viventibus
883 2048 968 2092 aura.
1015 2048 1019 2058 ¹

268 2111 328 2177 Sed
347 2113 397 2194 qui
415 2113 455 2175 sit
472 2114 626 2195 qualisque
643 2114 729 2186 dens,
749 2115 868 2176 diversa
885 2113 992 2176 secuti'

269 2196 449 2277 Quaerimus
468 2207 557 2279 atquc
574 2197 632 2261 viis
650 2197 741 2281 longe
759 2198 937 2261 distantibus
955 2216 1046 2260 unum

269 2280 350 2344 lmus
369 2281 405 2342 ad
424 2281 586 2344 occultum:
604 2282 741 2365 proprius
760 2282 966 2364 genticuique
984 2292 1032 2344 cst
1046 2301 1128 2355 mos,
1241 2353 1250 2369 Ι

186 2384 218 2435 oo
271 2364 331 2429 Per
349 2366 425 2447 quod
443 2365 502 2429 iter
520 2386 683 2450 properans
701 2377 751 2429 eat
767 2368 804 2429 ad
822 2378 882 2429 tam
902 2367 1015 2449 grande
1033 2366 1221 2450 profundum.

357 2449 414 2512 llis
431 2460 492 2513 tam
509 2451 676 2533 magnificis
695 2461 836 2534 tantaque
853 2451 1012 2515 fluentibus
1032 2462 1097 2514 arto

191 2592 194 2604 ,
270 2532 446 2617 Respondet
461 2535 511 2599 vel
528 2538 593 2599 sola
610 2538 697 2610 fides,
717 2538 887 2599 doctissima
905 2537 1032 2620 primum
1114 2535 1119 2563 ⁴

271 2616 409 2681 Pandere
425 2620 605 2682 vestibulum
622 2641 713 2684 verae
731 2622 768 2683 ad
786 2621 950 2704 penetralia
968 2630 1080 2684 sectae.

271 2701 352 2765 Nam
371 2724 437 2765 cum
455 2704 564 2767 divinis
582 2706 699 2788 agimus
717 2706 753 2768 de
770 2707 862 2770 rebus
878 2717 908 2768 et
925 2707 1022 2777 illum,

189 2806 220 2856 95
273 2786 333 2870 Qui
352 2788 400 2851 vel
417 2788 562 2872 principio
580 2791 692 2864 caruit,
711 2791 761 2855 vel
778 2791 837 2854 line
854 2791 983 2865 carebit,

273 2873 391 3020 gaique
410 2874 484 2936 cbao
502 2875 638 2937 anterior
654 2877 746 2937 fuerit
762 2877 961 2958 mundumque
979 2875 1108 2960 crearit,

304 2958 455 3020 coiectare
473 2959 573 3020 animo
592 2960 811 3033 contendimus,
831 2961 944 3042 exigua
960 2970 1008 3023 est
1022 2959 1086 3023 vis

275 3041 408 3104 Humani
425 3041 539 3124 ingenii
557 3053 698 3126 tacitoque
717 3056 845 3127 angusta
862 3045 973 3108 labori:

275 3125 391 3211 Quippe
408 3127 507 3191 minor
524 3138 632 3191 natura
648 3128 744 3192 aciem
761 3129 788 3192 si
805 3131 961 3193 intendere
980 3140 1103 3213 temptet

193 3228 243 3282 too
277 3212 389 3274 Acrius
408 3231 443 3275 ac
462 3223 620 3296 penetrare
637 3211 695 3276 Dei
714 3225 831 3278 secreta
848 3215 990 3298 supremi.

275 3295 353 3443 (dms
371 3295 498 3370 dubitet,
519 3299 600 3360 victo
618 3299 755 3380 fragilem
772 3300 921 3363 lacessere
940 3300 1023 3371 visu,

308 3381 405 3462 imque
424 3381 567 3463 fatigatae
585 3384 692 3446 mentis
709 3384 764 3447 sub
782 3395 902 3468 pectore
920 3405 1013 3469 parvo

276 3462 409 3529 Turboni
426 3465 623 3548 invalidisque
641 3467 775 3532 hebetem
794 3469 987 3532 succumbere
1004 3468 1104 3532 curisl

278 3546 339 3617 Sed
358 3549 454 3612 facilis
472 3552 539 3614 fidei
556 3553 605 3616 via
624 3565 783 3637 provocat,
802 3556 1032 3639 omnipotentem

195 3650 245 3704 tot
280 3630 426 3707 Credere,
446 3636 496 3717 qui
514 3637 591 3701 booa
609 3659 668 3700 uon
687 3649 801 3701 tantum
822 3639 991 3723 praesentia
1009 3640 1116 3711 donat,

280 3716 340 3786 Sed
356 3729 485 3785 ventura
503 3723 591 3784 etiam
609 3723 765 3808 longisque
783 3725 943 3788 intermina
960 3723 1049 3788 seclis

196 3870 291 3924 Ceucb.
304 3901 331 3911 -
352 3871 395 3923 68.
404 3871 644 3938 perseeutione
666 3905 695 3915 -
715 3877 839 3929 tumore
848 3879 905 3940 Pm,
915 3882 1028 3928 veterem
1036 3876 1130 3928 Heins.
1147 3903 1180 3916 -
1198 3875 1244 3928 73.
1254 3872 1327 3927 serbi

195 3939 298 4003 Helue„
308 3955 372 3990 suus
379 3940 447 3992 El’ll
455 3941 527 4004 Alc,
536 3959 613 3994 suum
622 3943 682 3995 edd.
692 3951 741 3995 eet.
748 3974 781 3983 —
790 3946 833 3997 tt.
843 3946 996 4011 regnetAE,
1006 3949 1122 4011 regnant
1129 3943 1254 3996 oLuueb.
1262 3942 1327 3998 ldld.

195 4006 281 4058 -75.
292 4009 446 4074 ourffqqu
462 4039 497 4050 -
513 4011 556 4062 to.
570 4012 690 4062 secundis
698 4012 735 4080 (A
743 4012 819 4079 Ald.)
831 4049 838 4064 .
850 4047 858 4064 .
870 4049 877 4064 .
888 4016 962 4065 bonis
969 4015 1023 4064 ΕΡ.
1041 4041 1076 4053 -
1092 4013 1136 4064 til.
1150 4015 1224 4063 vieta
1232 4012 1294 4065 Alo.
1303 4036 1328 4051 ·-

197 4073 241 4123 84.
255 4075 438 4141 arpocrati.
456 4102 491 4113 -
506 4079 550 4131 86.
569 4083 699 4130 commum·
712 4082 779 4132 conf.
794 4082 888 4132 Reios.
911 4109 945 4120 -
962 4083 1005 4132 89.
1023 4082 1118 4148 Prope.
1132 4094 1162 4145 g.
1178 4095 1202 4132 o.
1218 4082 1330 4142 mem]

196 4137 315 4192 turcae
323 4143 460 4207 aldoin,
471 4144 540 4196 Suus
549 4153 683 4199 cetmosc.
693 4151 751 4214 gall
762 4146 983 4217 (coddllefns‘l)
993 4150 1087 4201 Waltz.
1098 4156 1158 4210 ete,
1169 4148 1213 4200 vd.
1223 4150 1332 4202 nbi.-

198 4206 355 4260 93.cm.1t
368 4239 398 4250 -
417 4212 460 4265 st.
474 4217 606 4267 oreooftll
618 4246 652 4256 —
671 4218 729 4269 tot.
748 4220 832 4268 cmm
841 4218 888 4270 Oli
897 4217 972 4270 tto:
992 4215 1161 4269 tanumeros
1171 4218 1268 4272 Weftz.
1278 4217 1331 4270 sin.

197 4273 706 4348 ur-tuz.tampor0p.rsntnns.-
1063 4302 1072 4314 ·

230 4407 273 4459 tt.
284 4408 335 4461 Vd.
344 4409 377 4460 ad
389 4425 411 4461 v.
423 4413 482 4464 stt.
493 4443 526 4455 -
