2744 4852
439 248 608 346 ‘Peristepln
626 248 662 310 V.
718 260 721 265 ’

332 414 390 479 Cui
408 427 492 482 recta
509 417 589 481 celso
607 418 726 482 tramite
802 467 805 474 .

197 542 207 554 ..
267 499 435 565 Reseratur
452 503 488 566 ad
505 500 627 565 Patrem
644 503 711 581 via,

265 585 363 667 Quam
380 588 476 649 fratre
494 607 599 650 caesus
617 587 714 671 inpio,
751 655 752 658 ,
775 629 778 634 -

265 670 344 732 Abel
361 670 465 733 beatus
483 672 650 734 scanderat

332 752 452 838 Stipant
468 767 587 819 euntem
606 756 723 819 candidi

268 837 347 901 Hinc
364 840 434 904 iude
451 852 623 904 sauctorum
641 841 740 916 ebori,

265 922 396 1006 Parique
413 925 537 987 missum
556 946 677 990 carcero

267 1003 405 1093 Baptista
421 1006 552 1077 loannes
569 1021 671 1075 vocat.

291 1136 293 1141 -
332 1094 376 1155 At
393 1091 559 1157 Christiani
576 1095 709 1161 nominis
747 1170 748 1175 γ
854 1117 862 1155 s

266 1175 391 1240 Hostem
411 1178 577 1261 coquebant
594 1179 686 1242 inrita

266 1260 359 1324 Fellis
376 1283 496 1326 venena
512 1274 544 1327 et
559 1262 680 1328 lividum

266 1343 329 1409 Cor
346 1347 470 1431 efferata
488 1359 681 1411 exusserant.

333 1429 459 1495 Saevire
477 1434 621 1495 inermem
640 1433 779 1496 crederes

266 1511 385 1577 Fractis
404 1516 562 1578 draconem
581 1518 753 1579 dentibusa

151 1609 156 1621 ⁸
267 1597 403 1676 „Evasit
420 1600 589 1662 exultans“
609 1599 652 1663 ait

268 1681 427 1760 „Rebellis
445 1694 481 1745 et·
492 1684 617 1767 palmam
636 1684 713 1746 tulit.

336 1762 423 1845 „set
442 1778 536 1830 restat
552 1768 624 1831 illud
642 1769 792 1852 ultimum,

269 1849 413 1929 „lolerrc
431 1871 554 1934 paenam
574 1862 708 1926 mortuo,

270 1934 384 2013 „Foris
402 1937 532 2021 cadauer
548 1938 682 2010 tradere,

269 2017 468 2098 „Canibusve
486 2023 666 2105 carpendum
685 2021 770 2084 dare.
849 2047 861 2059 ·

339 2103 428 2184 „lam
447 2126 526 2169 nunc
544 2116 575 2168 et
592 2125 662 2169 ossa
680 2104 859 2184 extinxero,

271 2187 345 2267 „Ne
364 2190 404 2252 sit
421 2190 588 2272 sepulcrum
607 2191 738 2264 funeris,

271 2272 382 2354 „Quod
402 2275 486 2357 plebs
505 2275 637 2358 gregalis
656 2276 777 2338 excolat

270 2357 601 2442 „Titulnmque'fingat
617 2360 796 2446 martyris.“

335 2440 386 2506 Sic
403 2443 516 2506 frendit
533 2454 562 2506 et
581 2462 688 2528 corpus
707 2464 824 2508 sacrum

267 2525 432 2602 Prolanus‚
452 2527 489 2591 ab
507 2528 603 2591 dirum
621 2531 723 2592 nelasl

268 2609 390 2674 Nudum
409 2623 519 2696 negato
536 2611 669 2696 tegmine

268 2693 405 2779 Exponit
420 2697 502 2760 inter
518 2698 642 2760 carices

336 2778 396 2844 Sed
415 2781 497 2842 nulla
515 2781 647 2843 dirarum
666 2782 764 2845 lantes-

270 2864 335 2926 Aut
352 2864 515 2927 bestiarum
534 2876 587 2928 aut
603 2865 728 2928 alitum‘

269 2947 371 3012 Audet
387 2959 542 3032 tropaeum
560 2949 675 3033 gloriae

130 3056 133 3067 ·
208 3032 214 3045 ⁴
269 3030 405 3096 Foedere
424 3045 505 3096 tactu
523 3035 670 3117 squalido.

172 3196 175 3199 .
320 3117 418 3199 'Quin
436 3118 462 3181 si
480 3139 538 3201 qua
557 3119 700 3202 clangens
718 3119 842 3204 inprobe

95 3261 100 3272 x
253 3199 513 3266 'Circumvolarct
529 3203 662 3283 eminus,
767 3220 768 3223 ’

271 3285 380 3350 Trucis
399 3287 530 3352 volumis
548 3288 651 3371 inpetu

270 3369 403 3455 Depulsa
420 3372 557 3436 uertebat
574 3375 688 3457 lugam.
764 3415 767 3421 ψ

211 3470 221 3490 s
335 3453 416 3519 Nam
435 3472 544 3522 corvus
561 3456 649 3522 Elias
667 3459 753 3522 datus

270 3538 350 3604 Olim
369 3541 502 3605 ciborum
520 3543 649 3629 portitor

271 3623 339 3688 Hoc
356 3647 464 3689 munus
481 3625 575 3710 inplet
592 3626 709 3701 sedule,

270 3707 312 3772 Et
329 3710 495 3775 inremotus
513 3711 652 3774 excubat

336 3793 395 3857 llic
413 3816 454 3858 ex
472 3797 610 3860 frutectis
628 3796 775 3881 proximis

269 3874 401 3942 Infestus
420 3881 534 3943 alarum
553 3902 629 3945 soon
1088 3896 1139 3948 410

78 4023 90 4064 ¹.
101 4027 199 4063 resero.
209 4011 243 4075 A,
254 4029 321 4065 serv.
332 4030 346 4066 a
360 4042 394 4054 —
408 4015 467 4068 375.
477 4019 596 4080 mabsam]
605 3980 720 4069 ΔΒΡΤΟ
729 4013 821 4067 Amba.
831 4013 934 4076 Heius„
944 4015 1038 4064 misam
1046 4019 1095 4065 cet.
1105 4041 1140 4051 -
1217 4062 1222 4075 ,

78 4081 249 4131 bonnieA-
266 4083 454 4134 377.Aua-
473 4083 747 4151 3744044144-
765 4082 1048 4148 392.fing.]AOTapo
1056 4083 1136 4134 attin.
1212 4084 1214 4089 '

80 4149 296 4215 Heins.,figotG
306 4157 365 4211 ete,
377 4153 411 4202 cl.
422 4153 453 4203 ad
465 4154 527 4213 xu,
540 4154 695 4215 417394.
707 4152 777 4202 adin.
786 4150 830 4201 Δα
840 4151 899 4201 sim.v
911 4164 925 4200 a
941 4177 970 4187 ·-
989 4150 1139 4216 397.samis

78 4215 256 4269 'rr.Ambr.—'
265 4220 324 4270 toa.
336 4214 801 4272 circamaolaratTlmbr.lletns.-
810 4219 949 4285 ibbsuga
957 4219 1022 4270 11-
1030 4219 1091 4272 407.
1100 4236 1140 4270 ec-

78 4281 210 4336 daflata
219 4287 323 4349 Heius,
333 4288 424 4339 scdulo
434 4295 483 4339 cet.
493 4316 528 4325 -

78 4428 90 4455 κ.
102 4417 173 4455 roro.
185 4403 274 4468 Elias]
285 4404 363 4473 t(ltt>
371 4408 435 4472 Bag.
447 4404 489 4457 17.
