2744 4852
517 200 739 281 liamortigania.
780 214 784 219 ’

143 365 274 430 Humani
292 342 414 451 generis
431 368 463 431 nl
480 388 534 452 pen
549 369 696 453 suffragia
713 368 831 454 gliscat.

141 450 301 536 Gignimus
320 472 407 516 omne
426 455 535 519 malum
553 453 675 538 propriu
696 455 733 520 tlc
744 472 876 537 corpore
894 464 1010 523 nostro.

140 534 183 601 Ut
200 536 305 620 genuit
321 535 436 615 David,
454 537 529 601 alias
547 550 633 623 pater
649 540 794 622 optimus,
813 558 906 603 unum
1015 572 1019 581 ·

141 617 267 686 Crimen
284 621 470 686 Abessalon:
490 633 618 687 menu-
637 634 724 705 patcr
740 623 791 691 ille
808 623 863 687 sel
879 643 970 689 unum
1090 654 1093 661 ·

139 702 291 769 Innocuos
308 706 390 769 inter
406 707 526 777 soboles
545 707 650 790 geumt
666 708 858 790 patricidam,
970 727 974 734 ·

139 793 243 855 Ausus
260 791 292 853 in
310 802 463 859 auctorem
481 791 603 875 generis
620 792 672 877 qui
687 793 841 876 str'ingcre
857 793 984 863 lcrruns.

139 876 190 939 Ab
209 875 320 958 pietasl
340 876 437 959 siguis
454 877 606 947 contraria
623 877 713 960 aigne
730 877 863 962 paternis

138 958 214 1043 Egit
231 960 367 1025 etunius
385 961 526 1029 conmisit
542 962 700 1045 sanguinis
717 981 814 1029 arms.

137 1043 256 1108 Nostra
272 1045 374 1109 itidem
392 1046 474 1113 diros
492 1057 599 1111 urente
616 1047 781 1131 propagine
797 1057 886 1113 natos

138 1127 268 1192 Pectora
286 1130 476 1213 parturiunt,¹
490 1131 589 1195 versis
608 1131 658 1213 qui
674 1132 812 1214 protinus
829 1132 861 1194 in
878 1151 934 1193 nos

138 1210 293 1277 Morsibus
310 1216 485 1279 insuescunt
503 1215 679 1300 gignentum
696 1216 799 1281 vivero
817 1215 938 1299 poenisr

138 1297 367 1383 Depopulantur
383 1301 462 1363 enim
480 1301 604 1365 nimiunn
622 1302 749 1365 fecunda
766 1310 925 1382 parantium
943 1362 949 1383 ,

140 1382 269 1447 Viscera
287 1394 317 1446 ct
333 1385 458 1448 interitu
476 1385 616 1468 genitalis
634 1385 735 1468 stirpis
753 1385 886 1455 aluntur.-

139 1465 322 1551 Progeniem
338 1489 445 1534 verum
461 1470 513 1534 ille
529 1491 615 1535 suain
632 1490 692 1533 rex
709 1480 810 1554 utpute
828 1489 961 1532 summus
1060 1522 1070 1531 .

138 1552 240 1635 Atque
257 1551 316 1617 Dei
334 1563 420 1621 rates
439 1554 591 1636 pariturae
609 1563 640 1617 et
656 1554 784 1636 virginis
802 1562 910 1616 auctor

139 1636 293 1701 Tristibus
309 1648 400 1720 alque
417 1639 473 1722 piis
491 1638 680 1713 variaverat,
699 1649 733 1701 ut
751 1635 921 1707 Salomonis

140 1720 256 1787 Frater
266 1722 438 1793 Abessalon
456 1734 573 1795 sereret
590 1722 717 1787 crimina
733 1720 820 1787 iustis

140 1804 321 1889 Pignoribns
342 1807 516 1890 dulcemque
533 1808 651 1875 domurn
669 1807 807 1871 turbarat
822 1807 948 1869 amaris:

140 1889 207 1955 Nos
225 1891 346 1975 dignum
365 1889 527 1956 Salomone
543 1892 634 1969 nihil,
654 1912 711 1956 nos
728 1892 860 1973 degener
876 1889 971 1973 inplet

141 1975 232 2041 Solus
249 1976 420 2040 Abessalon
437 1978 577 2042 lacerans
594 1976 643 2060 pia
660 1975 779 2039 viseern
796 1975 891 2039 ferro.

224 2058 260 2125 Si
277 2061 348 2124 licet
365 2081 406 2125 ex
423 2061 529 2127 ethicis
547 2060 707 2144 quidquam
723 2079 933 2143 praesumere,
957 2058 1007 2124 vel
1023 2059 1051 2123 si

140 2143 189 2209 De
206 2144 337 2232 physicis
355 2146 485 2229 exempli
502 2145 628 2231 aliquid=
649 2145 693 2209 sin
711 2145 831 2229 vipera,
851 2155 885 2209 ut
902 2142 1003 2221 aium,

140 2228 289 2293 Dentibus
307 2231 452 2295 emoritur
468 2232 554 2294 lusae
571 2251 625 2315 per
642 2231 760 2294 viscera
778 2229 883 2315 prelis.

141 2311 243 2379 Mater
259 2326 356 2379 morte
373 2336 444 2395 sua,
463 2337 526 2383 nen
544 2335 622 2381 sexu
639 2315 763 2390 fertilis,
783 2326 836 2379 aut
852 2315 895 2377 de

143 2395 313 2469 Concubitu
328 2399 460 2467 tanna
476 2410 611 2474 uterum,
630 2401 681 2463 sed
700 2420 767 2463 cum
785 2399 864 2461 calet
879 2397 945 2480 igni

141 2481 263 2548 Percita
279 2484 425 2563 femineo,
443 2484 622 2551 moriturum
639 2484 769 2549 obscena
785 2482 925 2545 maritum

142 2565 205 2633 (lre
222 2568 287 2632 sitit
303 2570 419 2652 pabulas
438 2580 528 2653 eaput
544 2569 653 2635 inserit
668 2568 719 2633 ille
736 2567 881 2650 trilingue

143 2650 289 2737 Coniugis
306 2654 339 2717 in
355 2655 459 2721 lances
476 2665 567 2737 atque
585 2653 688 2719 osenla
705 2653 839 2719 fervidus
855 2652 968 2728 intrat,

140 2736 304 2805 Insinuare
322 2739 384 2803 nris
402 2739 484 2803 anibi
501 2738 632 2822 genitale
648 2757 808 2805 venenum.

142 2820 261 2908 Nupta,
280 2823 442 2908 veluptatis
459 2821 491 2889 ri
507 2823 626 2900 saucia,
646 2821 797 2885 mordicus
814 2820 953 2885 baustum

141 2904 272 2991 Frangit
287 2908 430 2972 amatoris
447 2908 556 2977 blanda
570 2907 653 2971 inter
669 2906 792 2975 foetas
810 2914 930 2988 guttur,

143 2989 324 3075 Iniusasque
340 2992 416 3057 bibit
431 3014 504 3057 caro
519 3003 666 3078 percunte
682 2991 807 3057 salivas.

142 3074 199 3139 His
216 3088 303 3160 pater
319 3077 479 3145 inlecebris
496 3077 698 3154 consumitur,
717 3086 750 3139 at
767 3071 942 3158 genitricem

143 3156 256 3225 Clausa
273 3173 362 3226 necat
378 3163 511 3227 babolene
529 3183 598 3225 nam
615 3170 770 3244 postquam
788 3157 903 3227 semine
920 3155 1021 3219 adulto

142 3242 291 3331 lneipiunt
309 3245 413 3311 calidis
431 3246 606 3330 corpuscula
624 3264 718 3329 parva
733 3242 859 3307 latebris
961 3284 972 3301 .-

141 3327 276 3415 Scrpere.
289 3341 491 3414 motatumque
507 3341 625 3397 uterum
642 3328 762 3394 vibrata
777 3325 887 3400 leriae,

141 3414 273 3478 Aestuat
288 3416 409 3481 interno
426 3415 544 3499 pietatis
562 3414 687 3479 eri-ine
703 3422 802 3477 mater

143 3494 384 3585 Carnificemque
402 3500 509 3584 gemit,
524 3498 680 3584 tlampnati
697 3496 820 3567 masma
836 3515 947 3572 sexus,

141 3580 340 3668 Progeniem,
358 3585 436 3673 septi
452 3594 638 3670 rumpentem
656 3581 811 3647 obstacula
827 3591 943 3664 parus.

93 3748 152 3807 acu.
168 3756 289 3807 mann
300 3750 671 3809 normannensis.
690 3781 723 3791 -
741 3749 801 3803 aaa.
819 3745 963 3810 amara
978 3730 1221 3813 smanappnxx‘

92 3818 562 3888 &watem-bblponcA-bbb
572 3820 744 3873 coronamur
763 3816 944 3872 ,Gis—573.
955 3830 1016 3865 cero
1026 3810 1197 3865 cecilianum
1278 3819 1281 3823 '

100 3886 160 3941 bib.
169 3885 272 3940 Salam.
282 3887 316 3952 A,
327 3889 458 3941 Solom.E
470 3917 498 3926 -
515 3888 576 3942 576.
589 3892 701 3950 sermm]
761 3886 929 3938 RPTuant.
938 3881 1036 3934 caucin.
1045 3880 1139 3932 Helos.
1149 3878 1197 3931 Ar.

92 3948 1199 4024 nnat,aa.summotonus.pasarmeemtoe:communitam]

95 4022 247 4087 blm-11,
256 4023 322 4081 370.
335 4038 402 4079 tert.
413 4024 476 4079 teta
487 4026 578 4083 Abest.
589 4025 748 4090 iap‘uattaae,
763 4020 818 4073 bic:
832 4020 883 4073 Ao.
893 4019 1020 4083 efferret,
1033 4029 1057 4068 r.
1069 4015 1133 4077 5⁷92
1146 4017 1199 4069 At.
1223 4060 1231 4069 .

92 4082 1200 4160 mma-strumas*sse.eaangmosrrua,nta.woe.pron.su-

92 4158 192 4222 labb,
202 4159 331 4225 ίπῖὑνεν
340 4168 390 4219 tet·
398 4188 433 4207 *-
442 4162 503 4221 tte,
511 4160 621 4215 Natam
629 4158 654 4219 A
662 4186 697 4198 -
705 4157 766 4213 ⁶⁹2.
776 4156 813 4207 ad
818 4153 868 4216 Aa,
879 4168 912 4225 oq
919 4150 1060 4207 Μία.-
1070 4153 1130 4207 593.
1138 4154 1199 4211 tvl*

92 4222 901 4297 tunsae.notaenq,.on.-teo.p·eammtoen.-

92 4362 472 4434 manemunannxaa.
537 4375 540 4380 ·
944 4440 991 4506 7*
