2744 4852
122 252 185 321 124
528 254 599 317 Aur.
619 253 766 317 Prudentii
784 254 875 319 Clam.

206 420 297 487 Velat
314 432 500 506 opermeutoa
518 420 610 487 velox
623 442 696 486 nam
714 423 822 487 dextra
839 421 961 507 rapinas

204 506 334 571 Abradit
350 507 511 592 spoliisque
527 526 644 591 ungues
661 518 787 571 exercet
807 527 911 571 aenos.

206 589 302 665 Cura,
319 593 427 667 fames,
445 601 559 667 metus,
578 592 735 668 anxietas,
755 591 901 676 periuria,
919 591 1029 675 pallor,

120 693 174 746 tos
207 673 405 760 Coumptela,
425 677 526 755 dolus,
544 686 719 756 conmenta,
739 676 922 760 insompuia,
942 677 1062 750 sordes,

203 759 386 824 Eumenides
403 761 508 825 variae
526 762 653 824 monstri
670 761 830 825 comitatus
847 771 989 844 aguntur.

202 844 271 909 Nec
287 847 386 909 minus
403 846 521 910 interea
537 845 709 909 rabidorum
727 866 811 910 more
827 845 963 930 luporum
1075 900 1083 911 ,.
1159 870 1162 891 ¹

204 928 340 994 Crimina
358 932 526 1014 persultant
543 941 606 994 toto
624 931 796 1016 grassantia
813 951 933 1015 campo,

200 1013 312 1078 Matris
329 1016 488 1079 Avaritiae
506 1015 595 1099 nigro
613 1017 743 1081 delecte
762 1027 875 1080 creata.

117 1118 168 1171 aro
202 1099 237 1164 si
255 1100 358 1164 fratris
377 1102 494 1184 galeam
511 1101 602 1166 fulvis
619 1102 739 1166 radiare
756 1101 895 1165 ceraunis

203 1183 372 1248 Germanus
389 1184 465 1249 vidit
482 1186 650 1260 conmilito,
671 1207 731 1249 non
748 1187 834 1249 timet
851 1204 953 1248 ensem

200 1267 340 1332 Exerere
357 1279 447 1352 atque
464 1281 553 1354 caput
569 1270 652 1333 socio
669 1291 811 1334 mucrone
829 1269 939 1346 ferire,

200 1351 248 1416 De
266 1353 491 1437 consanguineo
507 1365 648 1437 rapturus
665 1355 780 1419 vertice
798 1373 940 1438 gemmas.

200 1435 297 1501 Filius
315 1439 481 1502 extinctum
499 1438 569 1502 belli
586 1439 642 1502 sub
660 1451 742 1503 sorte
761 1442 890 1503 cadaver

115 1541 166 1593 475
200 1521 351 1607 Adspexit
368 1523 395 1586 si
412 1524 491 1587 forte
507 1523 618 1607 petris,
638 1525 785 1607 fulgentia
802 1524 890 1587 bullis
920 1524 927 1533 '

200 1605 331 1691 Cingula
349 1617 380 1670 et
397 1608 525 1673 exuvias
543 1609 653 1691 gaudet
669 1609 805 1708 rapuisse
822 1620 978 1673 cruentas:
1003 1660 1007 1667 .

201 1690 371 1775 Cognatum
391 1693 488 1756 civilis
506 1694 570 1778 agit
586 1693 735 1757 discordia
752 1694 907 1777 praedam,

197 1775 265 1839 Nec
283 1775 379 1860 parcit
395 1774 523 1860 pro‘priis
541 1798 628 1840 amor
642 1778 804 1840 insatiatus
820 1778 947 1840 habendi

199 1859 381 1944 Pigneribus
399 1861 565 1946 spoliatque
581 1881 653 1924 suos
672 1861 758 1924 lamis
775 1861 856 1945 inpia
873 1872 973 1924 natos.
1043 1886 1046 1891 ·

113 1963 163 2015 480
284 1944 372 2009 'l'alia
389 1967 443 2030 per
459 1946 582 2031 populos
600 1946 707 2009 edebat
724 1947 832 2009 funera
847 1945 970 2010 victrix·

199 2028 291 2094 Orbis
310 2030 449 2094 Avaritia
466 2041 606 2093 sternens
623 2041 750 2094 centena
766 2030 901 2095 virorum

197 2113 286 2180 Milia
302 2115 476 2178 vulneribus
493 2115 602 2177 variis:
621 2114 699 2177 bunc
717 2116 828 2179 lumine
845 2116 983 2198 adempto

198 2198 387 2281 Effossisque
405 2198 500 2262 oculis
516 2198 648 2262 velutin
667 2198 796 2282 caligine
814 2199 911 2261 noctis

198 2282 329 2348 Caecum
347 2303 452 2346 errare
470 2282 558 2358 sinit,
578 2303 689 2367 perque
707 2284 889 2347 offensacula
907 2283 1001 2346 multa

112 2386 162 2437 485
198 2367 263 2447 ire,
282 2389 339 2431 nec
357 2368 522 2453 oppositum
539 2367 646 2431 baculo
665 2379 809 2453 temptare
827 2368 978 2453 periclum.

196 2452 295 2517 Porro
313 2453 403 2517 alium
421 2453 501 2538 capit
516 2452 627 2517 intuitu
645 2454 780 2538 fallitque
796 2453 963 2530 videntem,

187 2536 321 2621 ‚Insigne
340 2549 495 2602 ostentans
513 2539 639 2621 aliquid,
660 2540 737 2621 quod
755 2540 824 2602 dum
842 2539 916 2622 petit
931 2537 998 2612 ille,

196 2621 358 2706 Excipitur
374 2623 435 2685 telo
453 2622 594 2707 incautus
610 2624 767 2705 cordisque
785 2624 840 2686 sub
857 2623 922 2706 ipso

197 2705 325 2772 Saucius
344 2707 460 2769 occulto
479 2708 593 2770 ferrum
610 2707 743 2791 suspirat
759 2709 908 2771 adactum.

112 2808 162 2859 roo
196 2790 320 2855 Multos
330 2790 530 2876 praecipitans
548 2793 580 2854 iu
597 2802 699 2876 aperta
718 2792 855 2855 incendia
874 2794 971 2876 cogit,

194 2875 263 2939 Nec
280 2878 393 2959 patitur
409 2877 506 2941 vitare
524 2877 624 2955 iocos,
644 2877 752 2959 quibus
769 2887 888 2940 aestuat
905 2898 1022 2956 aurum,

197 2959 284 3042 Quod
303 2961 377 3044 petit
393 2980 519 3023 arsurus
536 2960 651 3043 pariter
667 2961 837 3044 speculator
854 2981 975 3026 avarus.

198 3043 296 3109 Omne
314 3043 465 3107 bominum
481 3046 562 3129 rapit
578 3044 629 3108 illa
648 3065 759 3128 genus,
779 3047 917 3108 morulis
935 3057 1044 3111 cuncta

197 3128 334 3214 Occupat
350 3129 490 3193 interitu:
508 3150 604 3212 neque
622 3141 669 3194 est
685 3129 847 3194 violentius
864 3131 956 3193 ullum

112 3232 161 3282 rot
196 3214 362 3278 Terrarum
379 3214 502 3293 vidum,
522 3216 600 3298 quod
619 3216 710 3279 tantis
727 3215 859 3280 cladibus
878 3237 984 3279 aevum

196 3297 344 3362 Mundani
361 3299 497 3363 involvat
514 3300 614 3383 populi
631 3300 809 3383 damnetque
827 3302 993 3384 gehenuae.

197 3382 278 3465 Quin
295 3382 377 3465 ipsos
393 3393 540 3464 temptare
557 3403 663 3462 mauu,
682 3385 710 3446 si
727 3385 851 3448 credere
869 3386 991 3469 dignum
1008 3395 1072 3466 est,

196 3468 282 3530 Ausa
300 3467 473 3530 sacerdotes
490 3465 629 3542 Domini,
649 3469 700 3550 qui
718 3469 831 3552 praelia
845 3471 928 3534 ¹forte
998 3498 1001 3503 ⁴

195 3550 348 3614 Ductores
365 3550 490 3634 primam
508 3561 577 3616 ante
595 3551 689 3615 aciem
706 3575 761 3639 pro
778 3554 865 3617 laude
884 3554 1030 3639 gerebant

114 3653 163 3708 500
196 3634 351 3701 Virtutum
369 3656 537 3722 magnoque
554 3636 708 3723 inplebant
725 3639 850 3703 classica
872 3640 956 3703 llatu.

145 3774 206 3830 tot.
217 3776 378 3841 opermeato]
388 3774 576 3828 arucwetu.
586 3773 689 3838 Heius,
701 3777 864 3843 opprimente
872 3775 1256 3843 cet.—idd.santa‘allcell.-

112 3842 172 3894 466.
186 3842 302 3894 eonerR
314 3868 349 3879 -
360 3842 422 3894 466.
431 3842 532 3894 Furiae
540 3840 601 3895 Ald.
612 3842 669 3896 Gis.
678 3845 710 3907 1.,
723 3847 798 3895 carde
807 3842 883 3896 Febr.
894 3843 952 3896 Gis.
962 3846 997 3897 Π.
1006 3872 1041 3884 -
1054 3844 1257 3910 limarum

112 3910 457 3975 Put.11eins.,scmereet.:
473 3912 679 3979 inprobcEP-
695 3913 756 3971 484.
772 3912 998 3979 offendiculcPut.
1008 3938 1044 3950 -
1060 3912 1121 3967 492.
1155 3914 1254 3967 emat.

113 3976 380 4043 Ertetduolleius..
396 3979 503 4045 quidet.
514 4006 549 4020 -
566 3981 627 4032 463.
642 3980 791 4047 eapttltott.
801 3982 881 4033 11.-
897 3982 958 4033 494.
972 3997 1006 4032 ne
1064 3984 1116 4045 eat]
1199 3982 1258 4037 rtw

111 4043 276 4163 ¹polplvippplt-z.
286 4046 459 4113 flelus.,nep.
469 4047 718 4145 animandum„
734 4062 817 4125 nepae
827 4050 983 4102 acesteoui.
1020 4049 1087 4102 clus.
1097 4076 1132 4086 —
1145 4048 1208 4147 466.
1218 4052 1259 4121 ttr-¹

144 4208 206 4264 ato.
216 4218 284 4276 cen]
293 4214 360 4267 rttn.
370 4215 397 4268 b.
407 4231 435 4268 ι.
444 4216 580 4280 xxxvn,
591 4217 615 4269 o:
627 4223 668 4269 est
699 4218 777 4272 Mart.
787 4219 850 4287 Cap.
862 4222 883 4282 1,
899 4218 942 4283 75,
957 4217 1002 4271 ubi
1015 4225 1071 4286 opt.
1084 4217 1161 4272 cdd.:
1180 4225 1259 4273 eruat

111 4283 182 4331 inter
197 4280 322 4332 ceaddae
338 4287 479 4348 [gomses]
498 4290 526 4336 et
541 4300 609 4350 qnae
619 4285 665 4351 οο,-
699 4292 753 4338 trae
765 4289 1022 4354 ustuategemmae:
1034 4287 1159 4355 byrdar’a,
1174 4293 1259 4342 aaut·

110 4350 207 4400 raama‘c
216 4352 335 4412 vocabar,
342 4352 484 4418 fulgorem
495 4353 667 4405 sidenem-
700 4358 753 4422 tea,
768 4371 907 4409 secunus.
916 4393 922 4409 .
932 4357 1108 4409 moerebant.

107 4420 193 4484 piens.
221 4417 352 4474 Invenitur
374 4418 455 4474 torma
478 4436 606 4474 ceramo
623 4434 665 4491 ap.
