2744 4852
461 245 619 325 Peristepl.
636 243 674 306 V.

272 412 414 495 Lucique
424 422 543 476 vectum
559 410 689 476 lembulo
836 485 841 491 ,

272 499 412 581 Amplum
429 517 484 580 per
500 517 614 579 aequor
630 493 761 559 inferas.

339 580 398 645 Sed
417 582 614 664 conplicatum
630 590 767 664 sparteus
844 635 847 639 ,

274 664 402 730 Claudat
419 666 549 731 cadaver
565 665 695 743 culleus,

273 751 370 833 Quem
388 753 459 814 lone
477 769 633 814 connexus
650 748 727 832 lapis

271 834 420 919 Praeceps
438 834 579 899 inultum
597 834 749 918 deprimat.

337 919 431 982 Atto
448 921 614 1002 perundas
631 918 742 982 emices
782 1000 785 1003 ι

269 1002 408 1067 Rorante
444 1023 549 1087 raepes
568 1004 711 1087 palmula,

270 1086 377 1152 Donec
394 1025 531 1152 relietum
547 1087 668 1171 longior
703 1151 706 1155 .

271 1172 447 1236 Abscondat
464 1174 621 1256 adspectus
638 1172 748 1235 solum.

337 1256 422 1320 llaec
438 1257 522 1320 iussa
539 1257 657 1339 quidum
675 1255 814 1328 militum,

268 1339 453 1426 Eumorphio
469 1361 579 1405 nomen
596 1340 668 1418 luit,
699 1349 724 1382 ·'

271 1423 446 1500 Violentus,
466 1426 584 1502 andex,
601 1424 763 1502 barbanus,

269 1506 386 1571 Furore
404 1511 527 1573 fervens
544 1508 664 1591 adripit.
814 1502 820 1517 “

335 1591 452 1656 Funale
468 1601 584 1655 textum
602 1592 750 1666 conserit,

269 1675 345 1740 Suto
363 1677 441 1759 quod
458 1676 552 1760 inplet
568 1697 711 1759 corpore,

270 1759 419 1824 Emensus
437 1771 468 1824 et
484 1761 608 1824 multum
625 1761 697 1824 freti

268 1842 355 1908 Inter
370 1846 518 1928 procellas
536 1844 661 1908 excutit

336 1928 560 2013 0praepoteus
578 1929 674 1992 virtus
692 1926 766 2003 llei,
841 2009 843 2012 ι

270 2012 376 2076 Virtus
395 2014 529 2077 creatrix
546 2012 694 2076 omnium!
779 2077 781 2081 .

269 2097 355 2179 Quae
373 2098 523 2181 turgidum
541 2098 689 2180 quondam
706 2116 790 2160 mare

270 2180 435 2246 Gradiente
453 2180 576 2247 Christo
593 2192 760 2255 straverat,

333 2265 376 2330 Ut
392 2277 478 2350 terga
496 2267 616 2332 calcans
634 2265 774 2351 aequoris

271 2347 367 2414 Siccis
384 2361 500 2415 mearet
515 2351 669 2434 passibus,

269 2433 391 2498 Plantas
410 2455 466 2498 nec
482 2435 570 2499 undis
587 2435 735 2519 tingeret,

271 2517 359 2584 Vasti
376 2519 477 2584 viator
494 2519 635 2604 gurgitis.

335 2603 420 2669 Haec
437 2604 503 2688 ipsa
518 2605 617 2670 virtus
634 2605 765 2668 iusserat

271 2685 406 2751 Rubrum
424 2690 519 2752 nalum
537 2689 707 2766 dehiscere,

269 2770 395 2836 Patente
413 2773 481 2835 dum
498 2773 590 2836 lnnlo
608 2773 723 2836 aridum

269 2855 393 2934 Secura,
402 2857 485 2940 plebs
500 2856 561 2920 iter
570 2856 660 2940 ,legit

333 2939 401 3004 Nec
418 2962 479 3004 non
497 2951 529 3004 et
544 2942 610 3025 ipsu
627 2960 708 3004 nunc
724 2940 807 3005 iultet

269 3023 392 3090 Servire
410 3036 515 3089 sancto
533 3025 653 3109 corpori

267 3110 396 3173 Pontum
414 3110 522 3193 quietis
540 3109 677 3194 lapsibus!

270 3195 318 3258 Ad
337 3215 430 3258 curva
447 3215 574 3279 pronum
591 3194 704 3257 littora.

334 3277 452 3350 Saxum
468 3278 593 3343 molaris
610 3277 752 3362 ponderis

270 3361 312 3428 Ut
328 3383 433 3447 spuma
450 3364 581 3428 candens
599 3363 732 3437 innatat,

267 3446 418 3530 Tantique
437 3458 539 3513 custos
556 3447 691 3532 pigneris
720 3500 723 3506 .
803 3497 806 3500 .

269 3530 399 3596 Fiscello
418 3533 516 3596 fertur
531 3533 682 3597 fluctibns.

335 3615 474 3681 Cernunt
490 3627 644 3701 stupentes
662 3615 782 3680 navitae

269 3697 395 3765 Vectem
413 3722 553 3767 remenso
569 3720 720 3766 murmure

269 3782 347 3849 Labi
365 3797 530 3851 retrorsum
547 3787 657 3851 leuiter
688 3830 693 3835 -

168 3873 170 3881 ’
268 3870 365 3933 Aestu
382 3873 514 3937 secundo
530 3883 561 3936 et
578 3871 709 3935 flamine.

335 3951 463 4021 Certant
480 3968 512 4021 et
528 3956 585 4043 ipsi
602 3955 721 4020 concito

266 4035 397 4104 Pontum
414 4042 537 4128 phaselo
554 4041 706 4107 scindere:

73 4195 88 4243 t.
95 4196 221 4258 praepes]
231 4189 300 4245 (tur
308 4193 380 4245 Turn.
390 4191 482 4245 Ambo.
492 4178 648 4259 Heinsalr„
656 4204 784 4258 praeceps
792 4185 946 4241 eet-tt&
953 4185 1096 4254 metata
1103 4215 1135 4232 -e

73 4259 194 4313 lutum
214 4288 243 4300 -
263 4261 323 4312 tet.
342 4261 604 4327 legitTGis.fletns.
619 4259 677 4321 Aa,
691 4254 1134 4323 tmtrttbmawetu.prcb.nis.‚·

73 4328 157 4392 Turn,
167 4334 247 4394 gerat
255 4331 290 4393 u,
302 4332 376 4395 gerit
382 4329 501 4393 annua,
510 4329 585 4398 plebe
592 4329 729 4380 incesserit
736 4324 797 4377 ald.
807 4326 885 4378 Turn.
896 4323 963 4378 Gall.
973 4355 1008 4368 -
1019 4324 1080 4376 tta.
1094 4322 1134 4372 lc-
