2744 4852
110 235 240 278 xxxvur
589 215 789 296 Prolegomen.

113 383 259 448 lectiones
289 384 451 449 maximam
481 382 599 468 quidem
633 394 749 470 partem
777 385 811 448 iu
840 382 933 450 verha
964 394 1069 469 poataa
1098 384 1260 454 insereret.¹

112 468 200 532 Illius
223 468 303 532 euim
324 480 420 532 artem
442 470 575 533 criticam
592 471 742 533 tractandi
759 468 902 549 rationis,
929 489 1017 553 quam
1037 469 1183 535 Heinsius
1200 472 1261 537 ndu

112 553 156 616 ita
173 554 266 616 multo
283 564 350 638 post
366 555 398 618 in
412 555 525 619 edendo
536 553 645 620 Ouidio
663 556 810 630 exercuit,
825 554 876 618 ubi
894 555 1082 620 coniecturas
1096 557 1262 639 permultas

112 639 317 722 lectionesque
338 640 388 704 vel
407 641 497 704 unius
517 641 568 706 vel
589 640 713 703 ducrum
735 650 850 703 tantum
869 640 955 704 codd.
980 641 1161 705 auctoritate
1189 663 1261 706 con·

113 723 247 787 firmatas
272 725 407 808 recipere
433 745 525 789 ausus
547 735 610 803 est,
638 725 670 786 in
698 725 753 787 hac
774 723 931 788 Prudentii
957 726 1088 789 editione
1113 746 1264 812 perpauca

112 809 306 892 reperiuntur
322 809 460 891 vestigia.
504 808 592 892 Quod
614 829 750 872 moneam
773 830 898 873 necesse
916 820 963 874 est
980 810 1018 873 oh
1043 810 1263 890 „Heinsioma-

114 894 248 977 stiges“,
267 895 286 956 i.
306 914 332 957 e.
353 893 427 956 VV.
447 895 515 957 illos
533 892 616 967 DD.,
639 895 689 978 qui
712 896 916 977 quodcumque
938 895 1106 979 philologus
1127 897 1179 960 ille
1202 898 1264 961 ela·

114 978 253 1043 sissimus
280 1000 346 1041 cum
373 979 543 1042 hominihus
569 979 710 1042 litteratis
736 980 983 1057 communicavit,
1012 981 1127 1063 pusillis
1154 981 1263 1046 animis

114 1074 285 1127 conterunt.
330 1062 432 1146 Magis
451 1084 516 1126 eum
545 1064 581 1127 de
602 1075 688 1146 poeta
712 1064 850 1127 meritum
873 1084 941 1128 esse
968 1065 1095 1148 opinor,
1115 1066 1141 1128 si
1159 1066 1263 1131 varias

113 1148 260 1211 lectiones
278 1158 414 1211 veterum
433 1148 551 1211 illorum
570 1150 654 1211 codd.
673 1149 841 1213 accuratius
860 1150 1079 1235 excerpsisset,
1108 1170 1176 1213 nam
1195 1170 1264 1215 mea

114 1233 181 1296 cod.
200 1231 501 1316 Botteudorpha'uui
516 1232 544 1295 Ι.
563 1233 699 1306 collatio,
724 1254 771 1297 me
790 1234 948 1298 Heinsium
967 1235 1004 1297 oh
1024 1234 1100 1298 hanc
1118 1256 1181 1298 rem
1200 1256 1263 1300 non

111 1317 260 1380 immerito
282 1317 469 1401 vituperasse
491 1319 617 1382 docebit.
662 1318 745 1383 Vitia
768 1320 864 1396 enim,
893 1331 926 1382 ut
948 1321 1004 1382 hoc
1022 1330 1092 1384 utar
1108 1320 1261 1404 exemplo,

112 1423 189 1486 quae
206 1403 327 1465 inerant
345 1403 376 1464 in
394 1403 478 1466 lihris
497 1403 565 1467 mtis
584 1404 642 1466 illis
661 1404 829 1478 veteribus,
850 1406 916 1468 fere
933 1425 1092 1488 numquam
1111 1402 1262 1470 hicV.1).

113 1487 284 1566 adnotavit,
309 1487 377 1570 quia
396 1509 432 1550 eo
450 1499 583 1574 tempore
601 1509 705 1570 nemo,
730 1490 808 1573 quod
831 1491 1016 1553 commodum
1035 1512 1075 1554 ex
1093 1490 1130 1552 iis
1149 1490 1264 1575 percipi

114 1582 233 1656 posset,
252 1572 465 1654 intellexisti).

200 1655 281 1739 Quot
303 1659 476 1721 deleusores
502 1679 538 1720 ac
565 1669 707 1742 patronos
734 1660 808 1723 haec
830 1681 971 1725 versuum
988 1659 1263 1724 Prudentianornm

114 1744 253 1805 recensio
280 1740 448 1804 Heinsiaua
476 1755 563 1805 nacta
590 1743 645 1821 sit,
676 1743 734 1807 dici
760 1744 816 1806 vix
845 1755 953 1827 potest.
1006 1743 1152 1810 Suuruuu.
1181 1746 1263 1808 enim

115 1824 340 1906 (inauraturam,
360 1828 410 1910 qui
423 1826 579 1891 Prudentii
598 1828 758 1891 editionem
775 1828 806 1890 in
824 1849 911 1891 usum
925 1827 1066 1912 Delphini
1083 1829 1263 1914 paravit49),

114 1913 247 1975 eamdam
265 1912 308 1974 ita
326 1913 492 1995 expressit,
515 1924 608 1976 utne
631 1913 729 1976 decies
752 1914 868 1996 quidem
891 1915 966 1976 alias
984 1915 1144 1992 lectiones,
1172 1935 1263 1997 mam

114 2018 188 2080 quas
218 1995 267 2059 hic
293 1997 415 2060 criticus
442 1999 614 2081 probasset,
655 1999 813 2083 reciperet.
871 1999 985 2062 Textui
1017 2008 1047 2062 et
1081 2000 1264 2083 iuterpreta-

112 2083 225 2144 tionem
244 2081 355 2144 addidit
373 2079 582 2160 Chamillard.,
611 2102 687 2164 quae
714 2083 830 2165 quidem
858 2103 924 2145 eum
947 2095 1063 2166 poetam
1087 2084 1263 2167 saepissime

113 2187 176 2230 non
197 2164 385 2229 intellexisse
409 2166 555 2246 ostendit3
584 2175 614 2228 et
641 2166 903 2245 commentarium,
933 2168 981 2230 cui
1007 2189 1134 2251 maguae
1158 2170 1262 2233 laudes

113 2249 205 2313 trihui
223 2261 389 2332 nequeunt,
418 2251 523 2335 quippe
545 2251 595 2333 qui
617 2250 693 2313 alias
712 2271 777 2324 res,
806 2251 865 2313 uisi
884 2273 960 2333 quae
978 2255 1015 2314 ad
1035 2264 1129 2315 artem
1148 2251 1262 2318 Catho-

113 2335 239 2398 licurum
266 2335 479 2418 dogmaticam,
507 2335 544 2398 ad
571 2328 689 2417 ἄσκησιν
714 2346 746 2398 et
771 2336 806 2398 ad
836 2336 977 2400 historias
1003 2337 1036 2399 in
1058 2337 1142 2402 lihris
1164 2339 1262 2402 sacris

114 2430 273 2482 enarratas
291 2429 443 2503 spectant,
471 2420 536 2484 lere
558 2441 619 2483 nou
637 2420 778 2484 illustret.
823 2419 924 2486 Miror
941 2443 1031 2502 sane,
1061 2424 1137 2505 quod
1155 2422 1261 2486 bihlio·

114 2505 182 2589 pola
199 2504 249 2568 ille
266 2501 521 2589 Loudineusis50)
543 2517 574 2571 et
590 2506 761 2571 versionem
784 2517 815 2570 et
836 2508 1045 2571 adnotationes
1063 2508 1131 2571 illas
1149 2529 1262 2592 exege-

105 2658 148 2711 n.
160 2659 201 2710 15.
212 2670 265 2709 sec.
274 2657 333 2722 X.),
345 2659 369 2719 b)
378 2659 413 2709 H.
423 2660 483 2713 220.
496 2658 573 2726 (Cod.
583 2657 652 2710 Buh.
661 2661 695 2710 D.
707 2659 972 2724 57.,sec.x.e1ar.),
988 2660 1015 2728 c)
1023 2663 1059 2711 Η.
1070 2661 1112 2712 35.
1124 2674 1177 2712 sec.
1187 2661 1262 2714 xiv.

114 2726 202 2792 script.
212 2726 314 2788 dicitur,
325 2726 359 2776 cl.
369 2726 478 2779 Haencl.
489 2727 506 2777 l.
517 2726 535 2777 l.
546 2741 570 2792 p.
581 2728 642 2782 242.
659 2728 717 2790 Quo
727 2741 780 2778 sec.
791 2727 849 2778 cod.
860 2727 1049 2793 Egauouduuuc
1060 2733 1143 2790 [nunc
1151 2727 1263 2780 Ludere·

113 2797 172 2856 ειη,
184 2809 261 2858 quem
272 2794 430 2845 eumBuheri
440 2794 512 2846 libris
522 2796 583 2847 mtis
593 2796 705 2847 editione
714 2796 746 2847 ad
756 2795 834 2847 finem
845 2795 896 2847 iere
904 2796 1027 2862 perducta
1036 2797 1262 2848 aWitzeuicAm-

114 2861 297 2914 steludamensi
307 2864 413 2927 accepit,
424 2871 501 2914 natus
511 2865 554 2924 sit,
570 2863 620 2914 dici
630 2878 681 2914 non
691 2870 785 2927 potest,
800 2878 859 2914 cum
870 2865 995 2914 Heinsius
1005 2879 1065 2914 eum
1077 2865 1260 2928 „antiquum“

114 2936 191 2995 utque
211 2931 467 2994 ‚,untiquissimum“
485 2936 557 2982 vocet
574 2935 600 2980 et
612 2931 755 2979 Burmann.
776 2929 809 2978 ad
822 2928 930 2980 Authol.
948 2931 1022 2979 latin.
1035 2933 1057 2981 I.
1076 2947 1103 2995 p.
1119 2932 1180 2982 330.
1199 2934 1260 2985 413.

113 2998 165 3049 468
175 3004 224 3049 etc.
243 2999 359 3047 omnium
373 2997 577 3047 vetustissimum
592 3001 704 3045 censeat.
724 2995 814 3046 Variae
828 2997 885 3047 eius
897 2997 1032 3056 lectiones,
1054 3013 1119 3061 quas
1129 3001 1260 3052 etWeitz.

115 3066 163 3128 [cl.
174 3071 230 3116 not.
241 3065 307 3129 38.],
324 3065 369 3128 qui
379 3064 466 3114 miuus
481 3069 597 3114 accurata
611 3061 745 3113 collatione
759 3076 824 3113 usus
838 3071 892 3124 est,
907 3070 932 3113 et
941 3065 1066 3113 Heinsius
1081 3076 1262 3129 excerpserunt

115 3141 141 3186 et
150 3149 198 3186 nos
208 3134 299 3184 iterum
313 3132 381 3198 typis
396 3129 579 3183 describendas
592 3130 747 3195 curavimus,
763 3129 832 3181 hunc
845 3129 904 3182 cod.
919 3144 978 3181 cum
987 3131 1169 3183 vetustissimis
1183 3143 1262 3200 atquc

115 3202 221 3268 optimis
231 3202 314 3253 lacera
324 3200 463 3253 docebunt.

148 3285 196 3352 48)
209 3285 346 3336 Haimium
361 3299 464 3349 quoque
478 3285 593 3336 criticum
606 3283 679 3335 illum
692 3285 887 3349 sagacissimum
902 3284 963 3336 huic
976 3297 1109 3350 perversae
1118 3287 1262 3340 sententiae

114 3353 218 3414 lavisse,
237 3351 310 3403 valde
320 3351 407 3402 doleo:
428 3366 487 3402 cum
496 3353 644 3403 Puteanum
659 3352 714 3403 cod.
727 3354 938 3416 antiquissimum
952 3352 985 3403 ad
998 3353 1094 3403 litteras
1109 3367 1260 3418 expressum

115 3435 217 3473 meeum
227 3420 284 3470 sine
295 3418 374 3470 dubio
383 3419 487 3485 plurimi
497 3418 605 3470 lectores
614 3419 700 3470 velint.
725 3418 848 3471 Asservat
862 3421 1085 3486 sanevirquidam
1100 3420 1261 3474 humanissi-

115 3502 175 3541 mus
184 3487 263 3539 huius
271 3487 330 3538 libri
340 3488 385 3537 mti
395 3486 558 3538 collationem
571 3486 603 3536 ad
616 3486 676 3537 edit.
687 3487 789 3537 Weitzii
804 3490 995 3539 accuratissima
1009 3489 1102 3539 lactum
1116 3491 1142 3539 iu
1158 3492 1260 3543 scriniis

115 3557 173 3609 suis
183 3563 281 3622 septem
292 3554 420 3620 repagulis
430 3553 526 3605 clausis
540 3552 631 3620 (quem
642 3555 761 3605 nuntium
772 3556 925 3620 aLipsiensi
936 3555 1046 3619 quodam
1057 3558 1109 3608 viro
1119 3557 1260 3622 perillustri

115 3640 145 3677 ac
154 3638 257 3675 summe
265 3622 402 3675 venorabili
412 3622 521 3689 accepi),
529 3623 575 3675 sed
586 3622 650 3673 mihi
659 3637 719 3674 eum
729 3631 768 3673 ter
777 3637 822 3688 per
831 3624 954 3688 epistolas
964 3625 1070 3688 roganti,
1078 3632 1108 3675 ut
1116 3625 1185 3676 illam
1197 3627 1259 3677 mihi

116 3691 389 3745 concederet-istum
400 3691 468 3743 enim
478 3692 559 3743 virum
569 3690 618 3743 hoc
626 3691 728 3743 coduti
739 3706 823 3756 neque
831 3706 909 3759 posse
921 3706 1006 3758 neque
1016 3693 1079 3745 velle
1089 3701 1157 3745 ccrto
1167 3696 1258 3745 scio-

114 3777 147 3814 na
158 3760 291 3827 respondit
299 3759 415 3825 quidem.

149 3846 198 3914 td)
207 3876 241 3887 -
249 3846 466 3911 interpretatione
476 3848 503 3894 et
510 3847 581 3893 nous
588 3843 733 3894 illustrauit
742 3844 933 3896 susurramus
944 3849 1163 3895 casuistarum
1180 3861 1257 3896 esec.

115 3916 184 3967 lesu.
202 3914 277 3965 luam
291 3911 607 3976 circumiacentium,
620 3912 738 3962 culusum
746 3913 881 3980 Delphini.
908 3915 1029 3974 Puris„
1044 3929 1088 3979 ap.
1102 3914 1209 3963 viduum
1218 3914 1257 3965 ot.

117 3981 358 4034 Thidcmtctl’etr.
368 3981 517 4041 ucctascan,
533 3983 616 4030 iurat.
631 3981 737 4045 didliup.
750 3980 867 4033 [inicere.
883 3981 969 4033 ordin.
983 3981 1071 4030 viuD.
1081 3981 1171 4031 locum.
1181 3981 1259 4032 Late·

115 4066 176 4101 ruo.
186 4066 200 4099 a
209 4053 317 4113 ragione
327 4049 428 4114 colleg.
438 4047 526 4113 liegii.
536 4048 574 4099 Μ.
585 4047 802 4100 reduxisti.
812 4052 839 4101 4.
857 4049 931 4099 Hanc
940 4048 1079 4099 editionem
1089 4051 1257 4111 rarissimum,

116 4131 194 4184 quam
207 4117 347 4170 tou-ado
356 4120 448 4169 Fraus.
463 4117 509 4185 (td
520 4116 564 4167 liv.
576 4116 608 4169 10
617 4115 674 4183 sh.)
687 4117 763 4168 vendi
774 4115 835 4168 dicit
843 4117 947 4167 kaurn.
959 4118 976 4167 1.
988 4118 1017 4179 1.,
1032 4132 1133 4168 mecum
1149 4117 1259 4182 henigne

116 4184 312 4237 communicavit
323 4200 336 4235 e
346 4184 465 4237 biblioth.
476 4185 747 4237 ducaliGothunaV.l.
758 4185 846 4236 hiemi.
866 4186 999 4237 Lectiones
1009 4185 1154 4237 ahHuinsio
1164 4186 1258 4237 discre-

115 4260 206 4320 pantes
216 4266 307 4302 cmnas
315 4252 425 4313 laudavi,
433 4260 457 4304 ct
466 4268 644 4320 quaecumque
655 4255 680 4304 iu
690 4253 871 4305 cumulentatio
881 4262 969 4306 nostro
979 4255 1086 4320 tempori
1096 4254 1257 4306 accomodata

116 4323 233 4380 luerunt,
244 4333 375 4385 excerpere
385 4335 436 4371 uon
447 4321 568 4373 dubitavi.

149 4390 195 4455 til)
214 4388 252 4441 tt.
264 4395 316 4439 not.
329 4390 369 4437 ot.
