2744 4852
491 150 734 279 repensantis.
851 158 857 179 Ι

106 426 113 437 ,
133 361 211 433 Cum
228 361 288 427 iarn
305 362 501 449 progrediens
518 364 650 431 ealmrat
664 364 768 432 littora
782 365 866 437 sicco

132 447 286 515 Ulteriora
303 447 376 530 pede
394 448 583 533 stridensque
599 470 655 535 per
669 451 785 515 extima
801 450 893 515 caloio

132 532 225 598 Mons
243 543 347 595 rueret
363 534 520 616 pendentis
536 554 633 617 aquae
649 534 813 634 nigrosque
830 536 949 622 relapso

133 617 263 703 Gurgite
280 615 427 680 Nilicolas
444 618 535 681 fundo
554 619 750 702 deprenderet
765 624 843 699 imo,
1142 639 1191 690 666

132 705 181 766 Α6
198 701 345 766 rellnente
361 700 431 764 eino
447 702 507 764 iam
524 703 665 767 redderet
679 704 761 767 anda
776 714 912 769 natatum
968 746 974 753 -
1027 736 1030 741 ·

132 784 271 850 Piscibus
288 795 320 848 et
336 786 432 849 nudas
449 806 592 871 praeceps
609 786 742 871 operiret
756 808 878 853 menas.

132 870 271 935 Pulsavit
286 890 397 935 menno
414 870 599 935 modulantia
615 882 757 958 tympana
775 873 889 957 plectro

131 954 236 1019 Turba
254 953 314 1018 Dei
330 954 485 1019 celebrans
502 955 610 1020 mnam
628 976 665 1019 ao
680 957 875 1021 memorabile
889 957 980 1023 seclis

134 1037 355 1137 Omnipotentis
373 1060 464 1123 opus,
482 1038 610 1123 liquidas
626 1039 708 1105 inter
724 1042 804 1105 lreta
819 1041 902 1126 ripas

134 1122 288 1187 Fluctibus
305 1122 408 1186 incisis
426 1134 457 1186 et
473 1124 656 1188 subsistente
674 1125 805 1209 procella

132 1205 283 1273 Crescere
300 1227 521 1291 suspensosque
539 1208 645 1292 globos
662 1209 796 1292 potuisse
812 1210 923 1273 666666.

134 1290 186 1356 Sic
204 1302 377 1376 expugnata
393 1291 535 1355 vitiorum
553 1303 643 1376 gente
660 1293 832 1361 resultant.

133 1376 267 1459 Mystico
282 1375 456 1440 dulcimodis
474 1376 616 1441 virtutum
636 1377 770 1440 carmina
786 1378 918 1461 psalmis.

134 1461 266 1524 Ventum
284 1470 351 1523 erat
366 1462 405 1523 ad
423 1462 525 1525 lauces
543 1471 647 1544 portae
664 1463 845 1535 castrensis,
865 1463 916 1526 nbi
933 1474 1031 1527 artum

116 1545 263 1608 laminis
280 1544 436 1609 introitum
453 1544 544 1608 bilori
561 1546 633 1608 dant
650 1545 773 1609 cardine
789 1547 933 1610 claustra.

220 1627 367 1692 Nascitur
384 1629 431 1693 bio
448 1629 569 1713 inopina
585 1629 657 1692 mali
672 1629 865 1693 lacrimabilis
882 1641 950 1694 astu

135 1713 329 1798 Tempestas,
349 1713 481 1797 placidae
499 1714 652 1777 turbatrix
668 1712 770 1778 invida
786 1712 891 1778 Pacise

136 1798 222 1882 Quae
240 1808 354 1860 tautum
371 1798 469 1861 subita
487 1809 616 1863 vexaret
632 1799 715 1861 clade
732 1798 923 1882 triumpbnm.

221 1880 308 1946 Inter
324 1885 477 1947 confertos
496 1903 609 1946 cuneos
628 1878 797 1947 Concordia
815 1883 895 1946 forte

135 1965 217 2031 Dum
233 1967 343 2051 stipata
360 1968 462 2050 pedem
479 1967 538 2031 iam
557 1966 629 2030 tutis
647 1967 802 2030 moenibus
819 1967 925 2040 infert,

136 2051 262 2136 Excipit
279 2052 426 2115 occultum
444 2051 510 2116 vitii
527 2051 673 2115 latitantis
690 2051 728 2113 ab
745 2051 809 2113 iotu

136 2134 315 2200 Murronem
332 2136 426 2200 laevo,
437 2137 469 2200 in
487 2137 597 2212 latere,
616 2136 786 2219 squalentia
802 2134 939 2220 quamuis

136 2219 237 2283 Texta
256 2231 393 2284 catenato
411 2221 486 2285 ferri
502 2220 670 2285 subtemine
687 2241 796 2304 corpus

137 2304 299 2369 Ambireut
314 2305 391 2368 sutis
408 2316 440 2368 et
456 2326 582 2368 acumen
598 2305 733 2369 vulneris
751 2304 847 2368 bamis

93 2399 98 2407 “
137 2389 342 2474 Respuerent,
362 2388 468 2472 rigidis
486 2410 542 2452 nec
559 2390 608 2452 fila
626 2389 744 2452 tenacia
760 2388 848 2452 nodie

137 2473 445 2558 lupactumsinerent
462 2484 619 2558 penetrare
636 2473 667 2536 in
685 2473 805 2537 viscera
822 2471 922 2536 telum.

138 2558 224 2622 Rara
240 2570 340 2621 tamen
359 2559 512 2644 chalybem
529 2559 613 2622 tenui
631 2556 834 2621 transmittere
851 2567 961 2639 puncto

140 2641 338 2707 Conmissura
355 2643 451 2722 dedit,
469 2663 528 2725 qua
545 2663 613 2706 sese
629 2654 767 2705 extrema
784 2641 895 2724 politae

140 2726 271 2811 Squama
289 2728 364 2811 ligat
380 2728 500 2789 tunicae
518 2728 601 2790 sinus
619 2737 650 2788 et
665 2725 723 2789 sibi
740 2726 874 2789 conserit
891 2746 973 2789 oras.

140 2811 246 2876 lutulit
263 2812 320 2874 boo
336 2812 446 2876 vulnus
463 2810 628 2893 pugnatrix
645 2809 769 2872 subdola
786 2809 886 2872 victae

140 2895 241 2960 Partis
259 2907 290 2959 et
306 2895 435 2958 incautis
452 2894 617 2960 victoribus
634 2893 774 2957 insidiata
792 2903 852 2956 est:

140 2980 221 3045 Nam
242 2980 327 3064 pulsa
345 2980 504 3062 culparum.
515 2979 581 3043 acie
596 2977 757 3043 Discordia
774 2987 897 3041 nostros

140 3065 276 3129 Intrarat
292 3085 419 3143 cuneos,
437 3063 550 3128 sociam
567 3063 691 3127 mentita
707 3063 846 3145 figuram.

132 3146 245 3214 Scissa
263 3149 366 3246 procul
382 3149 461 3232 palla
477 3157 623 3212 structum
641 3157 672 3210 et
688 3154 828 3229 serpente
845 3145 994 3228 flagellum
1105 3198 1109 3203 .
1149 3162 1198 3213 685
1223 3198 1226 3203 .

140 3232 315 3318 Multiphci‚
334 3233 431 3297 media
448 3253 619 3316 camporum
636 3231 670 3294 in
685 3240 790 3314 strage
805 3229 959 3307 iacebant,

141 3319 158 3382 Ι
178 3338 213 3384 sa
229 3318 382 3382 redimitos
401 3319 467 3381 olea
485 3317 642 3381 frondente
660 3315 783 3400 capillos

174 3414 311 3467 stentans
328 3402 415 3466 lestis
431 3402 593 3487 respondet
608 3401 688 3465 laeta
707 3398 836 3464 eboreis.

141 3486 203 3553 Sed
221 3488 313 3552 sicam
332 3487 387 3559 sub
406 3497 491 3552 veste
507 3486 597 3569 tegit,
617 3497 647 3549 te
665 3485 798 3549 maxima
813 3483 923 3564 virtus,

140 3572 188 3637 Te
205 3573 301 3637 solam
318 3583 402 3636 tanto
420 3593 437 3637 e
454 3592 596 3649 numero,
617 3568 803 3647 Concordia,
822 3569 903 3632 tristi
1151 3584 1200 3638 aco

141 3655 263 3722 Fraude
281 3667 400 3742 petens:
420 3657 472 3721 sed
491 3677 551 3719 non
568 3655 673 3721 vitalia
689 3673 828 3739 rumpere
845 3651 926 3717 sacri

90 3810 153 3865 aaa.
163 3810 260 3879 661666
266 3810 339 3871 Put,
349 3808 453 3877 repulso
463 3806 561 3863 wart.
572 3808 664 3861 Weitz.
673 3832 708 3847 -
717 3806 778 3859 666.
786 3806 932 3858 6666666666
943 3830 972 3842 -
982 3804 1043 3856 664.
1051 3798 1199 3881 multimodi.

88 3880 145 3931 rte.
165 3906 202 3918 -
219 3877 269 3930 667
272 3878 377 3930 ...868
388 3877 467 3928 om.b
484 3908 520 3918 -
536 3874 596 3927 669.
611 3874 786 3927 6666666616.
796 3902 831 3915 --
848 3872 908 3935 674.
918 3873 965 3922 saed
975 3868 1200 3937 terminatius.—

86 3946 117 4000 te.
126 3946 205 3999 nnc.
215 3946 299 3996 laetor
306 3944 382 3996 Febr.
392 3975 426 3985 -
434 3945 495 3997 685.
504 3948 591 3995 street.
601 3944 704 4007 weita,
715 3948 743 3994 et
750 3946 842 3994 666666.
853 3938 906 3991 uit.
916 3938 935 3990 l.
946 3940 964 3989 l.
977 3962 1012 3975 -
1025 3936 1086 3987 686.
1095 3936 1202 3987 iacebat

86 4013 148 4067 dld.
158 4043 193 4053 -
203 4013 263 4066 687.
272 4013 556 4081 spsoeoronotcsconi.
565 4011 614 4063 Ar.
624 4040 654 4050 -
666 4012 723 4063 688.
732 4009 867 4077 respondit
877 4008 911 4062 W
919 4004 1021 4057 atn-
1030 4003 1090 4056 666.
1100 4007 1129 4055 66
1137 4003 1200 4057 Ald.

90 4148 155 4203 666.
169 4154 311 4212 castrum]
328 4151 431 4201 Portam
449 4151 616 4215 praetoriam
648 4146 716 4198 male
728 4142 953 4206 reteruoeiotpp„
973 4139 1037 4192 satis
1050 4108 1201 4192 ostendunt.

86 4217 186 4271 tremus
212 4216 447 4284 bostempositam
471 4219 538 4277 [biv.
557 4217 617 4279 XL,
649 4214 689 4265 ct.
704 4207 1112 4285 dolensibusC'ecs.b.g.1Vttl,
1128 4208 1154 4260 6.
1167 4234 1204 4247 -·

86 4285 116 4349 t]
126 4290 232 4352 poetam
241 4286 354 4337 indicare
363 4299 402 4336 vv.
413 4285 462 4337 667
472 4291 530 4346 etc,
547 4296 614 4348 qnos
682 4279 844 4330 676...665.
855 4276 1012 4353 Concordiae
1020 4282 1046 4328 et
1053 4274 1204 4330 Discordine

86 4353 92 4405 Ι
109 4360 264 4419 sequentem
285 4352 501 4423 Psqcbomaebiae
518 4356 615 4418 partem
652 4360 747 4413 pugna.

129 4437 291 4490 Prudentius
301 4437 342 4489 cd.
355 4439 492 4487 Obbarias.
973 4432 994 4496 9
