2744 4852
609 236 701 316 Caput
719 234 754 297 ll.
1157 259 1265 300 xxxix

113 404 192 468 tices
214 401 272 467 hoe
293 401 394 466 seculo
421 402 500 489 typis
526 403 634 468 iterum
652 398 863 469 describendas
880 405 1013 480 curavit,
1033 426 1100 469 cum
1117 404 1265 470 Areaali

112 489 207 554 editio
230 488 322 552 multo
345 488 452 551 melior
470 486 723 554 Chamillardiana
746 490 841 574 magis
868 490 959 576 digna
977 490 1099 571 luisset,
1126 510 1202 575 quae
1225 492 1263 554 ad

113 595 201 639 usum
220 584 356 636 nostrum
376 584 613 638 converteretur.

200 657 369 733 Secundus,
381 660 433 742 qui
444 658 563 722 Heinsii
576 659 707 742 vestigia
720 661 839 744 premit,
855 657 1032 726 Cuarsrorn.
1042 656 1262 743 Cnnnuruusffl)

111 755 174 808 est.
221 743 280 806 liic
297 744 388 822 enim,
409 743 435 806 si
453 744 490 806 alt
507 743 588 808 illius
606 744 748 828 philologi
767 745 924 809 clarissimi
942 745 1119 810 recensione
1137 746 1260 823 recedit,

113 828 240 895 Attum
257 827 443 892 dilatantium
461 831 606 912 sequitur,
626 850 698 892 raro
715 842 814 909 autem
832 831 863 893 id
880 850 947 894 esse
966 833 1075 894 lactum
1094 831 1261 978 scrjpgqrae

112 914 219 979 variae
245 933 263 976 a
289 914 375 977 nobis
398 914 557 977 adnotatae
579 914 763 977 indicabunt.
809 912 993 1000 Explanatio
1012 915 1137 979 Cellarii
1213 915 1260 979 vis

110 1000 232 1083 quidem
250 1009 313 1073 est,
342 999 412 1082 quia
433 999 602 1063 scholarum
625 1000 656 1061 in
678 1020 765 1062 usum
788 1000 857 1063 edit.
875 1001 1009 1085 paravit,
1038 1001 1090 1064 sed
1112 1001 1180 1064 ideo
1197 1000 1260 1063 lau-

108 1085 229 1163 danda,
254 1085 331 1167 quod
353 1083 561 1167 theologorum
580 1085 719 1167 dogmata
737 1086 801 1148 lere
818 1085 932 1148 intacta
950 1084 1070 1169 reliquit
1077 1084 1138 1166 ⁵2),
1168 1095 1199 1148 et
1216 1084 1259 1149 hi-

111 1168 227 1233 storias
249 1179 373 1252 apoeta
391 1179 637 1232 commemoratas
655 1169 731 1231 hene
749 1169 890 1232 illustrat.

200 1253 322 1317 Tertius
349 1254 585 1337 recognitionem
611 1254 770 1318 verborum
798 1266 903 1338 poetae
925 1253 1123 1318 Heinsianam
1141 1253 1258 1319 losnru.

109 1337 298 1414 unornane)
331 1339 471 1413 assumit,
504 1339 554 1422 qui
580 1339 724 1402 Paavnae
755 1340 831 1423 apud
857 1338 1037 1402 Bodona'nm
1063 1339 1260 1404 Prudentium

110 1422 267 1509 splendide
297 1423 429 1506 quidem,
459 1425 511 1486 scd
539 1424 636 1488 minus
663 1434 814 1504 correcte,
847 1426 926 1508 quod
950 1425 1007 1491 vix
1037 1425 1258 1508 expectaveris,

110 1508 280 1592 evulgavit.
324 1506 384 1571 Hic
411 1509 508 1573 editor
533 1530 629 1592 neque
655 1510 812 1592 quidquam
834 1511 871 1572 ad
893 1521 1010 1593 poetam
1036 1511 1257 1594 explicandum,

109 1613 211 1676 neque
234 1594 272 1656 ad
292 1613 360 1656 eum
378 1595 593 1657 emendandum
611 1594 750 1668 contulit,
770 1614 839 1657 nam
857 1595 1065 1659 adnotationes
1084 1594 1259 1677 exegeticae

110 1688 167 1741 aut
185 1677 222 1740 ab
241 1678 308 1741 aliis
327 1679 436 1762 petitae
455 1700 490 1741 ac
508 1681 585 1742 male
604 1679 733 1755 electae,
756 1689 807 1741 aut
825 1700 899 1762 quas
917 1679 981 1763 ipse
998 1700 1089 1743 ausus
1108 1690 1169 1756 est,
1198 1689 1260 1741 tam

109 1762 191 1827 levis
209 1764 352 1826 momenti
369 1765 536 1826 censendae
555 1775 637 1842 sunt,
663 1774 696 1826 ut
712 1775 877 1827 memoratu
896 1765 959 1828 fere
978 1765 1118 1847 indignae
1137 1764 1259 1829 videan-

110 1858 180 1911 ture
208 1857 240 1910 et
261 1848 397 1930 quamvis
423 1849 509 1911 codd.
533 1846 571 1912 V
568 1851 717 1912 vaticanos
734 1846 798 1910 Xll
822 1848 1004 1925 adhibuerit,
1033 1860 1134 1912 tamen
1156 1869 1259 1911 earum

109 1931 279 2015 scripturas
297 1954 357 1995 non
376 1944 516 1996 accurate
531 1933 685 2010 distinxit,
710 1933 762 1996 sed
780 1954 832 1996 eos
852 1933 930 1995 notis
951 1930 990 1996 V
986 1942 1043 1996 att.
1063 1934 1138 2011 alac,
1162 1930 1200 1996 V
1196 1941 1257 1995 att.

108 2018 200 2102 plur.
219 2028 278 2081 etc.
298 2018 439 2101 signavit.
482 2016 595 2080 Mirum
614 2029 673 2092 est,
701 2018 779 2100 quod
797 2018 894 2080 editor
909 2015 1195 2099 Londineasa‘sffl),
1224 2018 1260 2080 de

110 2124 172 2186 quo
190 2122 282 2186 supra
298 2102 358 2164 iana
377 2103 509 2186 egimus,
539 2103 626 2167 huius
649 2103 779 2186 exempli
801 2113 916 2166 textum
939 2124 993 2186 pro
1017 2122 1097 2166 nova
1118 2123 1260 2166 versuum

108 2186 385 2252 Prudentianorum
406 2187 584 2252 recensione
606 2187 709 2250 habuit
731 2198 761 2250 et
784 2188 821 2249 ad
840 2187 962 2252 verbum
981 2188 1188 2251 excudendum
1207 2208 1258 2251 cu-

109 2272 204 2337 raau't.
251 2270 310 2336 Sed
330 2309 368 2318 -
389 2273 498 2335 habent
514 2293 571 2336 sna
588 2274 651 2335 lata
668 2271 776 2335 libelli!

198 2356 369 2440 Antequam
392 2358 428 2420 de
451 2356 564 2421 editore
582 2356 790 2421 recentissimo
808 2377 912 2440 agam,
941 2378 1001 2420 nou
1020 2378 1158 2441 possum,
1188 2357 1260 2439 quin

110 2453 142 2505 et
163 2440 338 2505 Gallandz'a‘
352 2452 383 2504 et
399 2442 567 2524 aliquorum
584 2443 793 2526 interpretum,
814 2442 863 2524 qui
881 2442 1001 2524 singula
1019 2452 1134 2505 tantum
1154 2451 1258 2525 poetae

109 2526 248 2589 carmina
265 2528 487 2590 commentariis
509 2528 736 2604 instruxerunt,
759 2527 939 2589 mentionem
958 2526 1075 2589 faciam.
1123 2525 1258 2589 Gallun-

109 2608 199 2674 diam
222 2611 301 2674 eninr
325 2611 371 2673 iric
393 2612 527 2686 nomino,
555 2633 594 2675 ne
620 2611 686 2696 quis
713 2611 882 2697 opinionem
908 2611 1064 2694 vulgarem
1091 2611 1122 2673 in
1144 2608 1258 2674 Biblio-

109 2696 198 2759 theca
217 2692 279 2758 PP.
299 2693 366 2758 ΕΕ.
385 2695 567 2776 maxima55)
596 2697 632 2759 ab
659 2698 725 2782 ipso
752 2696 832 2759 editu
857 2696 948 2758 multa
972 2717 1053 2760 nova
1070 2695 1200 2760 inveniri
1219 2696 1258 2768 ad

108 2778 306 2844 Prudentium
337 2801 452 2863 quoque
478 2782 656 2844 transierat:
684 2781 837 2863 excerpsit
863 2781 942 2843 enim
960 2779 998 2847 V.
1025 2781 1076 2844 ille
1102 2779 1142 2842 D.
1171 2791 1258 2843 notas

109 2862 309 2931 Chamillardi
326 2864 510 2948 aliorumque
528 2876 559 2929 et
575 2866 740 2949 scripturas
756 2866 880 2948 aliquot,
901 2885 975 2948 quas
992 2865 1201 2943 indicavimus,
1218 2886 1259 2928 ex

108 2949 201 3016 Atat
215 2961 247 3013 et
269 2947 485 3027 tornacense)
505 2951 683 3015 recensione
700 2951 829 3035 recepit,
850 2970 929 3015 nova
947 2960 1062 3030 autem,
1083 2970 1158 3033 quae
1176 2951 1258 3012 addi-

145 3103 195 3171 al)
212 3133 247 3143 -
264 3118 364 3154 recena.
378 3107 405 3153 ct
417 3102 632 3154 adnotationibus
643 3104 1066 3155 ittaaaaottauersrornoaas
1083 3107 1259 3153 cancarrus

110 3170 198 3223 aaran
209 3170 285 3224 1703.
296 3172 322 3222 8.
333 3170 496 3222 editioni.
508 3171 581 3223 1730.
590 3173 617 3222 8.

145 3239 193 3307 07)
211 3240 343 3290 Iniustum
357 3237 527 3291 esseArevall
543 3236 575 3287 de
588 3237 636 3288 hac
645 3236 707 3288 edit.
717 3237 854 3299 iudicium,
869 3237 915 3303 qui
924 3252 979 3288 rem
988 3237 1133 3288 accuratius
1142 3237 1259 3304 indagari

110 3306 199 3369 velint,
210 3307 355 3359 invenient:
375 3309 427 3369 „tn
437 3305 488 3357 line
497 3304 624 3357 estlndcx
633 3318 733 3367 eornm,
751 3318 817 3371 quac
825 3305 944 3356 licentius
953 3306 1040 3371 posuit
1048 3305 1217 3371 Prudentius,
1229 3307 1258 3359 in

110 3390 163 3440 qno
173 3374 266 3427 Cellae.
275 3376 395 3426 licentius
407 3380 505 3441 peccat.
524 3372 692 3426 illudentem
706 3374 789 3440 peius,
806 3373 876 3439 quod
889 3373 1019 3426 interdum
1035 3370 1122 3438 [ubil]
1141 3374 1258 3427 haeresin

109 3447 314 3495 suamtuetur.“

144 3510 194 3579 03)
210 3540 246 3549 —-
262 3527 322 3577 opp.
336 3512 425 3561 omnia
437 3525 506 3561 nunc
514 3513 633 3577 patmum
646 3525 706 3562 cant
719 3509 794 3562 codd.
809 3512 940 3561 vaticanis
954 3511 1060 3574 collata,
1076 3511 1256 3577 preparatione,

110 3594 169 3630 aar.
179 3580 252 3642 lect,
266 3582 337 3630 notis
346 3595 378 3629 ac
386 3595 476 3630 rer-arn
483 3580 672 3645 antemnaque
682 3579 768 3629 indice
779 3579 981 3645 locupletissimo
991 3583 1071 3629 aucta
1081 3584 1108 3629 at
1115 3579 1259 3629 illratrata.

109 3648 249 3699 Paratae
263 3650 382 3712 carogio
392 3649 573 3714 typograpdeo
583 3647 860 3714 (Bodonii)facaltate
869 3649 985 3698 obtenta.
995 3645 1256 3699 MDCCLXXXVHI.

108 3713 376 3837 Ilpvol.gl.bPraelatio
384 3717 412 3767 ,1.
421 3716 450 3767 Τ.
461 3714 609 3782 subscripta
618 3716 742 3767 editorem
751 3715 858 3767 indicat.
876 3717 951 3767 lianc
960 3715 1022 3767 edit.
1034 3714 1187 3780 benignitati
1196 3715 1255 3764 VJ.

133 3799 197 3834 canc
224 3798 298 3835 ceo.

145 3849 193 3918 at)
211 3882 245 3892 —
255 3867 315 3919 opp.
327 3866 396 3901 onan.
407 3866 442 3901 aaa
451 3851 515 3901 edit.
522 3851 660 3901 Parmensi
667 3865 728 3901 cam
735 3853 805 3901 notak
814 3856 841 3903 et
848 3851 1066 3917 interpretatione
1074 3851 1102 3899 in
1111 3862 1188 3897 asam
1195 3847 1258 3897 Ded

108 3921 199 3986 paint,
220 3935 278 3971 aar.
293 3920 353 3970 lect.
374 3919 428 3980 [ed.
439 3920 535 3973 Wcltz.
549 3920 643 3970 Heius.
658 3925 683 3970 et
696 3921 810 3982 Parm.],
829 3934 938 3971 recensa
947 3917 1022 3969 aoald.
1033 3915 1127 3966 otadd.
1137 3915 1257 3966 etindiaa

109 3987 317 4054 locupletissimo
336 3988 457 4052 [optimo]
477 3992 602 4038 acmanto
614 3990 755 4038 recensita.
781 3987 920 4038 Londina'
937 4001 981 4051 ap.
995 3986 1028 4034 A.
1038 3983 1060 4034 Ι.
1072 3983 1168 4051 Valpp.
1180 3985 1256 4038 1824.

109 4057 148 4107 111
156 4055 216 4108 Vol.
227 4057 253 4107 8.
272 4057 346 4107 Hanc
356 4069 460 4121 quoqne
470 4056 511 4107 ed.
523 4070 625 4107 mecum
634 4055 874 4107 communicavitV.
884 4056 906 4105 l.
915 4054 1034 4104 Haecine.

144 4141 194 4208 55)
213 4140 305 4192 Venot.
315 4155 340 4191 a.
352 4139 428 4191 1788.
438 4143 512 4192 Toni.
520 4142 589 4193 vul.
599 4155 627 4206 p.
638 4139 688 4191 idi·
697 4154 757 4204 sqq.
768 4167 803 4179 -
811 4140 905 4190 Extant
913 4135 1046 4187 Prudentii
1057 4136 1171 4187 earmina
1180 4137 1257 4187 etiam

111 4208 138 4259 tn
148 4207 228 4274 corp.
235 4214 309 4275 poet.
318 4207 429 4259 Genea.
441 4208 517 4260 1503.
527 4211 564 4271 ln,
575 4209 603 4259 in
616 4206 761 4272 Lngdnn.
772 4207 844 4256 Bat.
856 4205 932 4257 1003.
943 4207 969 4255 4.
980 4205 1055 4255 Tom.
1064 4206 1098 4258 ll.
1109 4221 1137 4271 p.
1148 4204 1219 4266 702,
1231 4205 1256 4254 lu

112 4276 214 4328 collect.
229 4282 293 4328 cett.
304 4281 377 4343 poet.
393 4277 502 4327 Acarel.
517 4277 688 4338 Allobroga
704 4275 780 4325 1640.
794 4276 829 4324 ll.
843 4287 870 4338 p.
881 4272 952 4335 tat,
972 4273 999 4324 in
1009 4273 1171 4325 Maittair.
1183 4286 1255 4338 corp.

109 4349 182 4409 poet.
192 4345 391 4396 London.1713.
403 4348 436 4396 ll.
446 4345 613 4410 p.l58ltsqq.
624 4344 684 4396 etin
696 4341 752 4392 aliis
763 4339 956 4394 collectionibus
966 4349 1097 4409 poetarum
1109 4342 1256 4393 latinorum.

147 4413 372 4481 &mmm
