2744 4852
492 213 734 339 seraranan.
1127 263 1191 329 289

218 423 305 487 Haud
324 423 443 488 dubium
462 436 525 503 est,
546 427 643 512 ampla
661 429 748 491 fauce
766 428 837 492 licet
853 440 965 513 pateat.

132 509 202 575 Stat
219 512 270 573 sed
288 511 375 573 iuxta
392 511 488 589 aliud,
508 514 585 595 quod
603 524 687 577 tanta
706 515 873 597 frequentia
890 515 1031 601 templum
1138 533 1188 589 215

218 595 304 658 Tunc
323 597 411 659 adeat
428 596 509 660 cultu
528 598 625 662 nobile
643 599 783 683 regifico,

131 678 302 743 Parietibus
321 681 433 744 celsum
451 683 626 747 sublimibus
644 695 733 767 atquc
750 684 879 769 superba

218 763 381 828 Maiestate
398 777 503 850 potens
521 769 752 851 muneribusque
771 771 903 854 opulens.

134 847 218 914 Ordo
237 851 460 934 columpnarum
479 853 615 934 geminus
631 853 785 936 laquearia
804 855 876 918 tecti

220 933 369 1009 Sustinet,
389 938 504 1001 auratis
522 939 692 1021 suppositus
712 938 854 1003 trabibus.

134 1019 296 1084 Adduatur
314 1021 441 1102 graciles
460 1033 538 1085 tecto
556 1023 695 1088 breviore
713 1044 870 1100 recessus,

221 1103 282 1188 Qui
299 1105 425 1171 laterum
444 1107 551 1170 seriem
570 1108 681 1192 iugiter
699 1109 873 1172 exsinuent.

135 1189 180 1252 At
196 1190 309 1252 medios
328 1192 424 1271 aperit
441 1202 555 1256 tractus
573 1194 622 1257 via
641 1194 732 1257 latior
750 1193 803 1257 alti

223 1271 369 1338 Culminis
387 1297 541 1360 exurgens
560 1278 685 1341 editiore
704 1279 797 1361 apice.

136 1357 250 1422 Fronte
268 1359 323 1421 sub
341 1361 468 1424 adversa
487 1363 629 1445 gradibus
648 1363 773 1426 sublime
791 1361 922 1427 tribunal

122 1475 125 1479 ⁴
222 1443 364 1518 Tollitur,
383 1446 509 1510 antistes
527 1448 680 1532 praedicat
697 1449 775 1511 unde
792 1446 901 1512 Deum.
921 1451 923 1455 ’

137 1526 232 1592 Plena
250 1529 421 1593 laborantes
440 1551 532 1613 aegre
551 1533 654 1596 domus
672 1532 780 1615 accipit
797 1533 892 1595 undas

223 1616 359 1697 Artaque
378 1616 523 1679 confertis
541 1627 659 1680 aestuat
675 1617 707 1680 in
727 1617 857 1680 loribus:

138 1695 311 1763 Maternum
329 1702 462 1783 pandens
481 1702 642 1782 gremium,
663 1724 721 1785 quo
741 1702 850 1765 condat
866 1701 1022 1787 alumpnus

224 1787 271 1870 Ac
290 1785 391 1849 foveat
409 1787 486 1849 fetos
505 1789 690 1850 accumulata
708 1787 801 1851 sinus.

139 1866 174 1933 si
190 1867 266 1932 bene
285 1871 480 1948 conmemini,
500 1870 572 1934 colit
590 1871 667 1936 bunc
685 1871 864 1955 pulcerrima
881 1869 980 1934 Roma

225 1951 327 2017 Idibus
345 1956 477 2038 Augusti
494 1957 623 2034 mensis,
643 1969 676 2020 ut
693 1958 758 2041 ipsa
775 1966 865 2021 vocat

140 2037 247 2103 Prisco
265 2060 349 2102 more
367 2041 459 2117 diem,
479 2061 564 2123 quem
583 2052 614 2104 tc
632 2063 765 2124 quoque,
785 2051 889 2104 sancte
907 2042 1067 2125 magister,

226 2127 338 2187 Annua
357 2125 433 2187 festa
451 2127 531 2188 inter
549 2126 739 2190 dinumerare
757 2126 856 2190 velim.

143 2206 257 2287 Crede,
278 2209 458 2293 salutigeros
477 2211 555 2274 feret
572 2211 619 2274 bic
636 2211 851 2276 venerantibus
870 2221 955 2274 ortus
998 2222 1002 2228 ’

226 2292 319 2357 Lucis
338 2295 502 2358 honoratae
520 2297 651 2378 praemia
670 2295 842 2360 restituens.

142 2377 227 2442 Inter
243 2379 422 2463 sollempnes
441 2377 588 2465 Cypriani
604 2383 652 2446 vel
671 2378 830 2446 Chelidoni

227 2463 424 2546 Eulaliaeque
443 2465 505 2528 dies
524 2477 627 2528 currat
644 2478 675 2529 et
691 2466 749 2529 iste
769 2465 830 2528 tibi.

143 2547 196 2614 Sic
213 2559 244 2612 te
261 2569 315 2632 pro
333 2549 456 2632 populo,
475 2550 561 2614 cuius
578 2551 633 2613 tibi
651 2552 765 2614 credita
782 2549 844 2613 vita
863 2560 926 2626 est,

230 2632 376 2698 Orantem
395 2632 534 2698 Christus
553 2636 655 2699 audiat
672 2636 874 2721 omnipotens:

145 2717 197 2784 Sic
215 2719 269 2782 tibi
287 2719 322 2782 de
340 2720 429 2803 pleno
446 2720 532 2805 lupus
550 2721 731 2784 excludatur
748 2720 835 2795 ovili,

231 2803 322 2887 Agna
340 2825 395 2867 nec
413 2805 473 2868 ulla
491 2815 574 2867 tuum
592 2816 678 2889 capta
696 2825 820 2888 gregem
838 2802 962 2865 minuat.

146 2887 199 2954 Sic
216 2910 264 2952 me
282 2890 437 2971 gramineo
455 2901 659 2954 remanentem
677 2890 804 2972 dariique
823 2908 926 2970 campo

232 2972 359 3038 Sedulus
378 2985 531 3058 aegrotam
551 2986 654 3059 pastor
672 2996 756 3038 ovem
776 2975 902 3037 referas.

146 3057 215 3138 Sic,
234 3081 301 3121 cum
319 3059 454 3122 lacteolis
472 3061 573 3123 caulas
592 3060 778 3145 conpleveris
798 3059 901 3141 agnis,

232 3141 350 3228 Raptus
368 3145 479 3228 etipse
498 3164 585 3208 sacro
604 3145 646 3208 sis
666 3165 765 3208 comes
783 3141 953 3228 Hippolyto.

190 3366 250 3418 ΧΠ.
277 3364 416 3418 PASSIO
434 3366 551 3417 PETRI
567 3366 617 3417 ΕΤ
632 3364 753 3416 PAULI
770 3362 1079 3416 APOSTOLORUM.

149 3499 222 3565 Plus
240 3499 329 3564 solito
348 3512 456 3564 coeunt
473 3501 510 3564 ad
530 3501 651 3584 gandia:
671 3501 718 3564 dic
735 3499 844 3573 amice,
865 3499 933 3582 quid
952 3498 1010 3562 stit

234 3584 363 3649 Romam
382 3606 435 3670 per
453 3608 571 3649 omnem
589 3587 738 3649 cursitant
755 3595 920 3668 ovantque:

98 3724 162 3780 ato.
172 3721 304 3773 minime
317 3752 351 3763 -
368 3725 428 3778 222.
439 3722 626 3772 emimicutduo
638 3721 678 3772 cd.
690 3719 798 3773 Giselini
815 3749 844 3759 —
863 3720 925 3774 229.
940 3717 1060 3768 Materna
1066 3733 1096 3783 p.
1105 3719 1208 3782 gremio

92 3807 114 3842 >u
123 3792 149 3842 A
163 3820 194 3828 -
212 3792 371 3854 230.foetus
385 3791 418 3858 (l.
427 3807 532 3841 ...suos
541 3791 567 3857 a)
578 3790 637 3841 abm
651 3821 685 3830 —
701 3789 857 3842 238.tsta1t
870 3819 904 3829 -
920 3786 982 3841 239.
992 3786 1094 3836 hadita
1103 3785 1165 3836 Atd.
1176 3813 1210 3822 -

92 3862 127 3916 ἱ).
136 3864 217 3924 rupta
228 3860 295 3910 coni.
306 3859 394 3910 Barth.
406 3888 438 3896 -

133 3929 196 3980 Xll.
208 3926 230 3979 1.
239 3931 279 3976 sic
288 3928 353 3978 coni.
363 3928 454 3977 Heius.
466 3926 529 3977 Cell.
540 3955 574 3967 -

99 4027 533 4095 215.saaetattudrnugger.t.1.
544 4027 621 4146 p.18.
656 4017 1212 4077 iurataS.Laurentium...renouauitdlitcr

93 4097 176 4150 revalo
186 4103 251 4148 teste
259 4096 428 4148 Prudentium
438 4097 479 4148 hic
489 4096 545 4147 basi
557 4099 622 4147 icam
656 4103 741 4146 autem
751 4094 828 4144 sentit
836 4095 953 4143 Bunsen.
969 4089 987 4139 l.
997 4087 1016 4139 l.

92 4166 200 4218 aurentii
217 4167 245 4217 in
262 4180 323 4231 agro
335 4167 435 4217 verano
454 4166 623 4231 descripsisse
691 4163 750 4213 ΧΠ.
761 4163 864 4211 Petrum
876 4157 1020 4224 apostolum
1030 4157 1213 4207 RomaeaNe-

92 4250 134 4287 rou
144 4232 277 4285 basilicam
290 4233 421 4300 Hippolyti
435 4236 541 4300 ipsam]‚
557 4247 624 4298 quoe
657 4245 718 4281 rone
730 4234 765 4291 [a.
777 4228 818 4279 67.
828 4243 855 4293 p.
864 4227 910 4278 Cb.
921 4222 978 4288 ml]
988 4225 1070 4291 cupite
1080 4225 1113 4275 ad
1122 4232 1214 4302 terram

92 4310 138 4355 rxta
148 4303 176 4354 S.
187 4302 318 4368 Hippolyti
327 4305 508 4354 coemeterium
518 4307 578 4364 erat,
591 4301 624 4351 ci.
658 4312 732 4350 verso
742 4311 770 4348 ac
779 4295 889 4362 pedibus
904 4296 931 4345 in
942 4295 1021 4345 altum
1031 4292 1135 4345 elevatis
1144 4305 1212 4342 eruci

95 4377 194 4423 nastes.
212 4369 329 4421 biblioth.
349 4371 381 4421 de
398 4371 524 4423 Hadrian.
538 4371 565 4418 1:
584 4367 626 4418 Si·
660 4366 774 4425 affixum,
786 4364 934 4428 ibidemque
943 4362 1054 4413 Paulum
1064 4361 1148 4426 gladio
1157 4373 1215 4442 esse

92 4440 124 4492 atl
131 4441 351 4490 ctcoemntcrc'um
361 4441 389 4490 B.
400 4439 538 4506 Hippolyti
546 4442 625 4488 mort.
660 4436 843 4500 interemptum
866 4433 1010 4484 communis
1033 4437 1073 4482 est
1089 4430 1140 4479 PP.
1159 4428 1213 4477 Et..

136 4524 297 4576 Pruderdirts
310 4524 350 4576 ed.
367 4526 507 4577 obbertus.
965 4518 1005 4582 ll)
