2744 4852
110 256 172 322 tdd
517 256 587 315 Aur.
608 255 753 316 Prudentii
772 257 863 315 Glem.

112 443 161 492 non
276 423 344 508 lpse
362 445 419 506 ego
437 443 517 496 sum,
535 423 647 487 virides
664 423 748 487 oleas
764 424 960 506 pinguescere
977 423 1062 485 bacis

198 509 258 590 Qui
277 509 370 588 facio,
389 507 484 572 Graia
503 528 576 590 quas
594 506 715 571 Pallade
733 508 845 591 lingitis
862 517 961 584 ortas,

197 593 239 656 ldt
256 593 305 675 qui
323 592 456 656 Lucinas
475 593 573 656 tribuo
590 593 782 657 nascentibus
801 592 901 655 boras.

96 676 99 683 ’
196 674 319 762 Duplex
335 679 402 762 lege
419 698 487 741 mea
503 698 558 762 per
573 687 676 740 mutua
693 678 815 740 foedera
832 697 927 740 sexus

198 761 333 845 Gignere
351 773 432 825 emat
448 763 579 825 sobolem
598 762 777 846 generisque
794 761 958 846 propagine
977 762 1101 844 gaudet:

113 867 161 916 uno
198 846 294 921 Quem
313 868 367 910 vos
385 847 505 911 lascivis
522 847 642 911 violatis
660 847 811 910 amoribus
828 846 948 929 ignem,

196 929 239 994 Et
256 942 359 1015 stupra
375 941 478 996 vestra
497 933 569 995 deae
589 931 718 996 Veneris
736 931 912 1015 praetexitis
930 931 1047 994 ambra.

196 1015 283 1080 Unus
301 1037 357 1098 ego
375 1016 522 1081 elementa
539 1036 630 1099 rego,
648 1037 705 1080 neo
723 1017 800 1079 mole
818 1015 946 1094 laboris,

196 1098 238 1164 Ut
256 1100 347 1163 miser
363 1100 538 1165 infirmusve
555 1101 663 1184 aliquis
681 1101 852 1184 fragilisve,
873 1101 996 1185 fatigor.

197 1184 269 1248 Lux
285 1185 422 1248 inmensa
439 1185 510 1247 milii
529 1195 590 1263 est,
609 1197 644 1248 et
656 1206 718 1249 non
735 1185 904 1248 resolubilis
922 1195 1022 1264 aetas,
1074 1213 1082 1235 ι

66 1332 76 1349 ,
112 1289 162 1338 ‘tto
197 1267 342 1333 Sensibus
361 1279 392 1332 et
408 1271 518 1333 vestris
537 1271 620 1333 baud.
632 1269 783 1333 intellecta
801 1280 949 1334 vetustas.

197 1352 269 1416 lnde
286 1354 462 1417 ministeriis
478 1356 514 1417 ad
533 1365 579 1417 tot
596 1355 797 1417 moderamina
816 1354 918 1417 mnndi

196 1436 268 1501 Non
287 1459 378 1521 egeo,
398 1460 454 1502 nec
471 1439 630 1525 participes
648 1439 785 1502 sociosve
802 1440 936 1522 requiro.

280 1521 378 1586 Porro
396 1534 493 1587 autem
512 1524 665 1606 angelicos
682 1523 832 1606 legiones,
852 1545 925 1606 quas
943 1544 1009 1587 mea
1027 1525 1100 1588 lecit
1132 1520 1138 1526 ’

195 1604 348 1681 Dextera,
369 1629 459 1672 nosse
476 1630 574 1673 meum
592 1619 651 1685 est,
669 1619 700 1671 et
717 1629 793 1691 quae
810 1619 919 1672 natura
935 1608 1047 1673 creatis

111 1710 162 1760 ‘235
198 1690 351 1756 Subsistet
368 1692 528 1776 qualesque
546 1694 619 1755 mibi
636 1704 798 1757 serventur
814 1694 850 1755 ad
868 1713 953 1757 usus.

195 1775 243 1840 Tu
261 1796 309 1838 me
326 1777 490 1861 praeterito
507 1778 660 1841 meditaris
678 1778 800 1840 numina
819 1778 915 1851 mille,

197 1858 284 1942 Quae
302 1861 424 1925 simules
441 1882 548 1944 parere
564 1863 640 1925 meis
657 1862 834 1940 virtutibus,
854 1873 887 1925 ut
903 1883 951 1925 me

197 1945 259 2008 Per
275 1945 377 2010 varias
395 1957 496 2029 partes
513 1947 648 2024 minues,
668 1947 716 2009 cui
733 1947 814 2009 nulla
832 1947 927 2010 recidi

196 2029 273 2093 Pars
292 2041 344 2093 aut
361 2032 456 2093 forma
475 2042 585 2116 potest:
603 2032 672 2114 quia
689 2032 758 2094 dum
776 2031 942 2095 substantia
962 2032 1106 2116 simplex,

111 2135 161 2185 240
195 2113 262 2178 Nec
280 2134 349 2197 pars
367 2135 435 2178 esse
452 2137 541 2197 queo.
587 2114 666 2178 Solis
685 2116 792 2179 divisio
810 2116 900 2178 rebus

198 2196 372 2282 Conpositis
389 2199 535 2280 factisque
553 2199 669 2262 subest:
687 2221 734 2262 me
751 2220 840 2262 nemo
857 2200 987 2273 creavit,

195 2281 238 2347 Ut
254 2283 351 2345 scindi
366 2282 483 2347 valeam
502 2294 676 2346 cunctorum
694 2283 831 2346 conditor
847 2304 934 2347 nnus.

197 2365 311 2442 Crede,
331 2368 408 2451 quod
426 2389 468 2432 ex
485 2368 578 2431 nihilo
596 2367 735 2446 formavi,
755 2388 825 2453 pars
843 2388 908 2431 mea
927 2390 987 2431 non
1005 2379 1062 2432 est.

197 2452 300 2535 Quare
317 2472 374 2536 age
392 2453 527 2516 mortalis
544 2452 600 2517 soli
619 2453 690 2515 mibi
708 2462 849 2517 construe
865 2454 1006 2537 templum
1005 2500 1023 2538 2

111 2555 160 2605 245
195 2536 306 2619 Meque
324 2558 415 2600 unum
431 2559 580 2602 venerare
597 2537 711 2614 Deum,
729 2538 888 2601 caementa
900 2539 1037 2615 remitto,

196 2620 238 2683 Et
255 2641 331 2704 quae
349 2641 427 2683 saxa
442 2621 540 2685 Paros
557 2633 640 2685 secat
657 2633 688 2684 et
704 2642 781 2704 qnae
796 2621 912 2685 Punica
926 2643 1035 2704 rupes,

196 2706 283 2787 Quae
300 2704 404 2768 viridis
422 2704 630 2769 Lacedaemon
648 2706 737 2769 babet
754 2708 965 2790 maculosaque
982 2705 1104 2794 Synna:

195 2788 339 2853 Nativum
358 2810 445 2853 nemo
463 2791 576 2875 scopuli
594 2791 666 2855 mibi
683 2791 798 2855 dedicet
814 2803 938 2855 ostrum.

196 2874 351 2958 Templum
369 2876 476 2938 mentis
494 2897 577 2954 amo,
599 2898 658 2939 non
676 2876 850 2940 marmoris:
870 2877 1010 2940 auretio
1028 2878 1083 2940 illo
1154 2918 1157 2922 -

112 2976 162 3029 250
197 2958 404 3022 Fundamenta
420 2971 543 3022 manent
559 2960 642 3038 lidei,
660 2971 813 3023 structura
831 2962 924 3027 nivali

197 3041 365 3125 Consurgit
381 3043 492 3126 pietate
509 3044 624 3123 nitens,
643 3045 719 3128 tegit
735 3048 828 3109 ardna
847 3046 964 3109 culmen

196 3127 331 3207 Iustitia,
351 3127 478 3192 interius
495 3129 612 3213 spargit
628 3131 693 3193 sola
710 3130 787 3214 picta
805 3131 924 3193 rubenti
1002 3146 1005 3153 ·

196 3212 287 3276 Flore
305 3213 462 3296 pudicitiae
479 3216 574 3298 pudor
590 3215 685 3278 almus
703 3226 735 3278 et
750 3215 827 3278 atria
845 3226 958 3279 servat.
995 3228 998 3233 ’

198 3296 283 3360 llaec
301 3300 405 3361 domus
423 3309 492 3382 apta
510 3299 662 3374 mibiest,
681 3300 754 3363 baec
771 3321 821 3363 me
836 3300 1014 3382 pulcerrima
1032 3303 1120 3365 sedes

112 3401 161 3449 255
196 3379 331 3464 Accipit,
350 3392 474 3444 aeterno
492 3385 672 3466 coelestique
691 3384 805 3468 hospite
823 3385 925 3468 digna.

197 3462 264 3528 Nec
281 3486 378 3529 novus
396 3467 444 3528 bic
461 3467 545 3530 locus
564 3479 629 3541 est,
642 3470 731 3552 fluxit
748 3476 813 3532 mea
833 3471 929 3553 gloria
947 3470 978 3532 in
997 3480 1096 3542 artus,

197 3546 239 3614 Et
255 3549 310 3615 lux
328 3571 400 3613 vera
418 3549 493 3630 Dei,
512 3551 595 3617 Deus
612 3552 784 3618 inlustravit
801 3555 949 3617 alumnam

36 3695 37 3698 ’
146 3686 206 3740 223.
215 3684 324 3737 salomei
337 3715 372 3725 ·-
387 3689 448 3741 224.
460 3687 538 3753 Gigia.
548 3689 626 3740 dodel
636 3691 682 3740 Bm
689 3690 781 3742 Weitz.
790 3718 826 3730 —
841 3691 903 3746 227.
912 3706 962 3755 ego
972 3692 1061 3753 elem]
1072 3690 1188 3744 anuto
1194 3690 1240 3743 ild.

113 3756 206 3808 Weitz.
217 3755 319 3817 Helos„
332 3770 382 3820 ego
392 3759 470 3820 atque
480 3756 513 3807 el.
524 3756 556 3818 lt,
569 3772 619 3822 ege
629 3759 694 3809 baec
702 3757 737 3809 el.
747 3773 765 3810 u
774 3756 892 3824 (emend.
902 3756 979 3827 Ate.)
989 3759 1084 3810 Cadcb.
1095 3758 1154 3811 Gis.
1165 3762 1186 3811 l.
1197 3760 1241 3820 nr,

112 3840 162 3891 ego
172 3826 226 3890 ipse
236 3823 309 3875 Febr.
322 3823 378 3874 Gis.
390 3825 434 3885 ll.,
445 3823 490 3875 sed
501 3823 534 3874 ei.
545 3839 570 3875 r.
582 3826 641 3878 159.
655 3858 690 3867 -
707 3828 768 3881 228.
777 3825 848 3877 ΕἰΑ
860 3856 895 3866 -
911 3828 972 3883 2211.
986 3843 1033 3878 nee
1042 3834 1128 3878 morte
1137 3829 1244 3880 calcabilis

112 3904 137 3942 m
148 3891 204 3944 Gis.
215 3891 319 3956 Weitz.,
330 3896 415 3942 cinon
423 3908 475 3943 res.
485 3892 650 3944 11111155.-
665 3894 726 3948 2311.
736 3896 826 3945 eteris
834 3896 896 3945 tt-
904 3895 964 3946 nst.
976 3900 1055 3961 pamm
1064 3896 1247 3953 0-zbdmo-

111 3962 183 4010 mino
192 3960 339 4043 51311111-
348 3961 408 4013 245.
418 3963 523 4011 remitte
531 3958 608 4012 ΑΙ-
616 3963 678 4042 216.
687 3964 762 4028 wopis
770 3960 868 4013 ΔΕῙ-
877 3963 938 4046 lli.
948 3962 1021 4028 θυαε
1030 3978 1099 4045 pone.
1110 3968 1184 4049 tenet
1192 3964 1246 4033 Spa

111 4041 159 4091 aa,
171 4044 239 4094 puae
247 4045 298 4079 cir.
309 4026 373 4078 Lae.
384 4026 760 4095 ntd.:spnno.ssr11ons.-
771 4031 831 4084 258.
843 4031 922 4081 dtrbe.
933 4030 966 4093 A,
977 4032 1062 4082 decad.
1074 4045 1129 4082 a-
1137 4032 1248 4103 mapu-

112 4093 205 4146 dieitio
214 4097 293 4148 5611.
303 4111 330 4163 p.
341 4095 401 4148 335.
412 4096 457 4147 Ar.
468 4125 502 4135 —
515 4097 576 4149 255.
587 4098 719 4149 coelestiis
727 4096 752 4147 Α
760 4127 793 4137 -
806 4100 868 4153 257.
880 4098 982 4152 dente.
993 4098 1069 4150 Febr.
1085 4126 1120 4137 -·

144 4210 339 4276 2211511155]
356 4213 532 4280 viipdoorg.
544 4215 582 4279 11,
599 4217 662 4267 181:
735 4217 796 4268 215.
814 4219 911 4282 Porci]
932 4218 999 4270 Vide
1020 4217 1053 4270 de
1070 4218 1249 4280 marmoribus,

111 4278 235 4329 Palladio
247 4282 364 4344 gaudeat
376 4285 443 4333 sileo
457 4285 556 4333 nicaeis
569 4284 663 4335 olicae.
699 4284 808 4351 Phrygio
818 4285 938 4355 (Syram),
950 4288 1136 4353 Spartanoetc.
1152 4288 1242 4338 Plinnb

110 4346 515 4411 nicoenamocomsixi,
529 4352 663 4405 atoma.
700 4355 856 4419 mxxxvi,
870 4325 1250 4422 o...s.1smor.oog.xrr‚sss

111 4429 190 4466 carm.
201 4428 253 4466 sec.
268 4417 308 4467 15.
319 4417 432 4468 tlacrob.
444 4419 497 4470 Sat.
508 4421 567 4481 vti,
580 4420 643 4469 1.-
