2744 4852
440 226 542 279 contre
559 217 720 300 Symmacb.
731 204 776 281 lt.

119 380 256 447 Exterui
273 383 310 445 ad
328 381 375 446 ius
393 382 550 449 connubii:
568 406 639 449 nam
655 386 804 469 mogutino
820 388 916 451 mixto
1001 434 1005 439 -

122 467 255 531 Texitur
272 466 397 531 alternis
414 479 446 532 ct
463 469 601 553 gentibus
619 491 679 533 una
696 491 840 555 propago.

208 549 276 614 Hoc
293 562 392 615 ectum
410 564 456 616 est
475 553 565 616 mnus
583 556 772 619 successibus
788 560 878 639 etque
895 555 1051 643 triumphis

121 635 254 713 Romani
270 635 394 719 inperii:
419 634 541 701 Christo
558 638 618 700 iam
636 649 707 701 tunc
725 639 873 719 venienti,

123 719 239 799 Crede,
259 731 364 803 parata
381 720 431 785 vio
448 731 509 795 est,
529 742 618 805 quom
635 723 744 803 dudum
761 723 879 808 publice
896 735 1017 790 nostrae

121 804 211 868 Pacis
229 804 360 867 amicitia
376 804 491 869 struxit
506 805 708 871 moderamine
725 807 853 872 Romae.

121 888 202 954 Nam
220 889 307 952 locus
322 909 389 953 csse
406 888 473 953 Deo
490 890 558 975 quis
575 891 671 974 possit
686 890 717 955 io
736 893 809 957 orbe
825 892 920 958 feroci

122 973 359 1057 pectoribusque
376 973 526 1039 bominum
536 972 747 1054 discordibus,
766 988 798 1041 et
808 998 869 1042 ‘sue
886 978 953 1043 iura

123 1057 272 1122 Dissimili
288 1059 408 1122 ratione
425 1059 592 1135 tuentibus,
612 1071 646 1123 ut
663 1060 720 1126 fuit
736 1061 826 1127 olim?

123 1141 175 1206 Sic
191 1143 397 1224 inconpositos
415 1143 543 1207 bumaoo
560 1145 593 1207 in
609 1156 730 1228 pectore
746 1167 870 1221 seusus,
901 1138 909 1153 ⁸

123 1225 357 1309 Disiunctasque
374 1228 467 1291 animi
485 1229 604 1292 turbato
621 1231 742 1293 foedere
759 1240 876 1314 partes,

123 1310 190 1376 Nee
208 1310 319 1394 liquida
335 1311 440 1376 invisit
456 1313 617 1397 sapientia,
640 1334 696 1378 neo
713 1313 797 1379 Deus
814 1314 918 1379 intret.

209 1396 253 1458 At
269 1395 297 1458 si
312 1396 421 1460 mentis
438 1418 518 1481 apex
534 1398 680 1481 regnandi
697 1398 764 1462 iure
776 1401 894 1546 potitus

122 1477 275 1562 Pugnacis
291 1481 438 1545 stomachi
454 1483 557 1564 pulsus
574 1483 724 1566 librosque
741 1504 776 1547 re
796 1484 870 1547 elles

122 1562 237 1628 Frenet
253 1575 284 1626 et
301 1586 389 1628 omne
405 1565 490 1629 iocur
505 1567 625 1629 ratione
641 1578 871 1641 coementum,
951 1630 956 1639 ,

123 1647 174 1711 Fit
190 1647 306 1711 stabilis
323 1649 404 1713 vitae
420 1660 517 1713 status
535 1660 566 1714 et
581 1650 733 1714 sententia
749 1661 833 1715 certe

123 1732 236 1796 Haurit
253 1734 342 1797 corde
360 1731 458 1796 Deum
476 1733 606 1798 Domino
623 1745 655 1797 et
670 1734 863 1819 subiungitur
879 1737 944 1800 uni.

208 1815 258 1880 En
276 1817 347 1880 ades
365 1817 564 1902 omnipotens,⁵
584 1818 780 1883 concordibus
797 1819 888 1883 iollue
905 1818 1011 1886 terris:

122 1899 187 1965 lem
205 1903 332 1965 mundus
347 1911 393 1979 te,
412 1899 549 1978 Christe,
569 1903 664 1988 capit,
683 1924 770 1987 quem
787 1924 939 1988 congrege
956 1926 1039 1969 nexu
1129 1925 1179 1976 635

122 1985 192 2049 Pax
209 1996 240 2049 ct
257 1984 355 2049 Roma
370 1996 490 2049 tenent:
510 1988 608 2071 capita
625 1988 699 2053 baec
715 1999 748 2051 et
762 1988 892 2051 culmina
909 2008 1010 2052 rerum

122 2069 202 2134 Esse
223 2070 308 2133 iubes
325 2091 381 2134 uec
397 2070 498 2135 Roma
514 2072 568 2135 tibi
585 2070 651 2135 sine
668 2092 742 2156 pace
777 2072 918 2136 robatur:

123 2153 167 2218 Et
182 2175 244 2238 pax
261 2165 295 2217 ut
312 2154 442 2237 placeat,
463 2156 536 2220 lacit
551 2155 732 2220 excellentie
778 2176 878 2231 omae,

123 2239 211 2322 Quae
229 2250 326 2302 motus
342 2239 445 2303 varios
462 2240 552 2303 simul
569 2252 600 2304 et
617 2240 730 2304 ditione
747 2253 867 2306 coercet

123 2322 167 2387 Et
184 2333 301 2387 terrore
319 2324 438 2406 premit.
463 2322 531 2388 Nec
549 2325 628 2388 euim
645 2325 771 2409 spoliate
790 2324 900 2409 prioris

124 2406 248 2472 Robore
264 2406 386 2472 virtutis
402 2408 519 2487 senuit,
539 2429 595 2472 nee
612 2410 713 2473 seculo
731 2409 842 2488 sensit,

124 2491 193 2560 Neo
209 2492 360 2572 memulis,
378 2514 446 2556 cum
462 2493 540 2557 bella
557 2504 693 2572 vocant‚.
704 2493 782 2578 cupit
799 2513 884 2556 arma
899 2492 1036 2558 lacertis:

123 2575 191 2640 Nec
208 2586 267 2638 tam
286 2577 429 2660 degeneri
444 2578 625 2643 venerandis
642 2578 859 2662 supplicatore

124 2660 329 2744 Principibus,
354 2682 442 2745 quam
458 2663 523 2726 vult
539 2663 720 2746 praenobilis
737 2663 789 2739 illc
806 2673 940 2736 senator,

126 2744 242 2811 0randi
259 2755 325 2809 arte
342 2756 447 2828 potens
464 2757 497 2809 ct
513 2745 620 2810 callide
636 2748 751 2831 lingere
769 2747 874 2810 doctus

123 2828 345 2912 Mentitumque
362 2830 466 2911 gravis
484 2850 630 2914 personae
647 2829 789 2894 inducere
807 2831 935 2911 pondus,

124 2912 168 2979 Ut
185 2915 317 2996 tragicus
335 2924 442 2977 cautor
459 2914 541 2998 ligno
559 2915 635 2998 tegit
652 2935 707 2978 ora
724 2927 847 2993 cavato,

126 2997 250 3065 Grande
267 2998 385 3080 aliquod
403 2999 487 3061 cuius
504 3020 559 3082 per
576 3000 686 3062 hiatum
705 3001 818 3064 crimen
835 2997 968 3062 anhelet.

211 3081 245 3147 si
261 3103 367 3147 vocem
384 3083 526 3146 simulare
543 3084 627 3162 licet,
647 3104 752 3168 nempe
769 3084 867 3168 aptior
882 3084 942 3147 ista

125 3166 199 3231 Vox
215 3166 331 3230 Romae
348 3178 410 3246 est,
428 3189 515 3250 quam
535 3167 696 3230 nunccius
713 3168 768 3231 sub
787 3168 907 3231 nomine
925 3186 1073 3251 promom3
1131 3186 1181 3238 oso

125 3251 227 3335 Quae,
247 3252 317 3334 qnia
335 3263 420 3334 turpe
437 3263 521 3335 putat
538 3252 712 3336 templorum
730 3253 803 3316 llere
819 3252 969 3336 repulsam

124 3337 300 3420 Aegidaque
318 3336 350 3399 in
367 3335 464 3400 dubiis
482 3357 536 3421 pro
553 3356 588 3400 se
604 3357 756 3422 pugnasse
772 3336 893 3422 periclis

78 3488 135 3544 51⁷.
143 3491 254 3541 Aeterni
262 3491 275 3539 1
283 3518 317 3529 —
326 3472 386 3542 623.
393 3448 493 3556 possctl
504 3488 552 3542 tu
561 3497 610 3542 ete.
621 3491 678 3552 Aa,
684 3493 771 3557 possit
779 3495 828 3542 cet.
839 3520 873 3530 -
887 3484 1110 3542 causanctantae
1119 3489 1179 3541 tto.

78 3557 145 3613 621.
154 3557 324 3622 Dieiweetaq'.
332 3557 358 3609 A
367 3584 397 3595 ·-
412 3558 472 3610 ott.
481 3558 584 3618 Auta,
595 3558 675 3611 uena
683 3588 718 3601 -
731 3559 791 3610 ost.
803 3557 859 3611 Une
868 3558 1000 3611 edeebld.
1010 3586 1046 3600 ·-
1056 3558 1116 3611 646.
1127 3558 1181 3608 ali-

77 3625 635 3693 'udR—bbl.serrerep.R:repu1coA-

78 3756 597 3826 lli-Eetmdtueeonmffluptlaelto-
628 3748 1182 3827 nimadstctereatquebteoobiccieaogm

78 3841 179 3881 uorum
197 3841 255 3879 eum
276 3829 416 3894 peregrinis
439 3829 521 3879 iustae
541 3843 594 3879 noo
628 3831 803 3880 sermonibus:
824 3830 923 3895 Optimi
929 3829 1078 3895 principes,
1088 3831 1182 3895 putres

78 3902 121 3959 nt,
135 3893 179 3946 vd.
192 3895 296 3961 tilpino.
308 3894 404 3961 fragm:
410 3897 440 3958 V,
455 3897 481 3946 t.
492 3899 529 3957 5.,
542 3897 595 3949 utel
625 3898 747 3962 patriae,
756 3898 912 3947 conmeatus·
920 3909 1003 3947 anuos
1011 3888 1180 3956 [canoeltott.

78 3996 81 4015 .
103 3965 144 4017 lm
165 3970 247 4017 antor
268 3963 320 4031 (rel
341 3965 408 4030 eos.)
430 3963 593 4015 concederet:
628 3961 1182 4029 11.]meos,inqaoemepituroteoeddawtt:

78 4047 93 4085 ¹.
196 4031 262 4093 vlit,
281 4033 324 4083 36.
348 4032 450 4083 Gruter.
468 4033 547 4083 inser.
566 4047 593 4083 n.
628 4036 692 4083 utar
705 4034 749 4091 [at
759 4036 823 4083 utar
835 4030 1015 4096 eddsymml
1029 4030 1182 4079 mambote

78 4098 595 4161 lwtb„toton-entemCernculleillem
630 4097 1181 4165 ecimsmpuceatmpaenttetwioommeo

78 4180 151 4221 erem
165 4166 198 4219 de
210 4166 400 4233 peregrinorum
412 4166 542 4218 connubio
556 4167 597 4219 le·
629 4181 715 4226 more,
729 4169 793 4231 quie
807 4163 892 4215 ltbera
903 4178 971 4214 sum.
992 4164 1044 4214 Htc
1056 4165 1143 4217 cutus
1154 4164 1182 4214 tn

78 4251 96 4289 tt
115 4233 238 4297 sustulit,
264 4235 307 4285 vd.
328 4236 452 4287 Heineec.
475 4236 594 4300 antiquit.
629 4234 701 4297 loges
714 4248 785 4282 omae
797 4233 886 4283 orbem
897 4230 1013 4297 rediget,
1028 4234 1094 4284 baec
1105 4248 1181 4283 scere

78 4318 116 4357 nt.
125 4318 152 4370 p.
165 4301 225 4355 ¹17.
234 4302 338 4354 366·-
351 4303 412 4355 ott.
421 4303 453 4353 Si
460 4318 517 4354 ooc.
530 4306 595 4361 etc]
631 4298 803 4350 Humrttetem
816 4315 833 4348 e
848 4300 998 4365 comibus,
1016 4316 1034 4351 a
1051 4298 1181 4368 Capitolio

88 4370 238 4437 Symmacb.
249 4369 266 4421 Ι.
277 4370 312 4420 l.:
328 4370 436 4421 Romam
445 4374 595 4434 mencpate-
630 4367 916 4433 Senonasrnpnlerunt.
977 4368 986 4383 ⁸

109 4454 322 4506 Prudentiusrd.
334 4456 472 4505 Obburias.
935 4457 973 4517 12
