2744 4852
323 263 326 267 ·
439 260 445 269 ’
509 237 694 319 Apotheosis.

113 401 266 486 Numquid
283 423 360 467 vana
379 404 462 468 viros
480 417 534 470 ant
548 420 633 470 mens
652 405 822 489 autlingua
840 409 963 473 fefellit?
1042 468 1045 473 .

113 487 264 571 Numquid
283 489 415 552 fortuitis
434 491 610 554 frustrantia
629 492 707 554 dona
724 493 871 555 dederunt

116 571 261 652 Casibus,
280 584 331 637 am
350 595 440 637 caeco
456 586 560 640 votum
577 576 634 639 sub
652 576 766 639 bonore
782 577 939 641 diearuntf

198 656 284 739 Quae
302 680 392 742 porro
411 678 503 722 eausa
520 669 572 722 aut
588 660 667 723 ratio
685 661 860 725 submittere
878 663 956 725 oolla

114 744 195 805 Ante
214 743 302 826 pedes
319 741 455 822 Mariae,
476 744 618 827 puerique
636 746 799 825 crepundia
815 748 918 830 parvi,

114 826 149 890 Si
166 837 282 890 tantum
299 828 435 891 mortalis
452 839 521 892 erat
537 850 593 892 neo
610 849 725 892 summa
741 841 875 912 potestas

113 910 250 994 inplebat
266 922 389 975 teneros
404 913 515 977 divinis
533 913 652 978 flatibus
669 917 773 978 artus?

113 995 174 1060 Sed
192 997 250 1058 iam
268 996 340 1060 tolle
356 995 483 1079 Magos,
502 1008 568 1074 tus,
585 1018 710 1073 aarum,
729 999 870 1084 myrrhea
889 1002 994 1080 dono,
1075 1026 1081 1037 ·

113 1081 199 1160 Quae
217 1101 322 1144 verum
340 1082 468 1146 donnere
486 1080 599 1156 Deum,
620 1084 789 1167 praesepia,
808 1105 939 1167 patruos,

112 1163 222 1229 Matris
241 1166 395 1230 adoratum
413 1166 559 1250 gremium
577 1168 644 1230 faee
661 1167 769 1231 sideris
788 1169 912 1233 ardens:

113 1247 182 1333 lpsa
200 1248 296 1312 Deum
314 1250 411 1314 virtus
429 1253 576 1314 foetorum
593 1262 626 1314 et
642 1252 718 1315 mira
735 1252 906 1337 loquantur.

112 1333 240 1396 lnsauos
258 1335 346 1399 video
363 1335 463 1399 subito
480 1335 640 1400 miteeeere
656 1347 780 1415 ventos,

114 1416 191 1483 (lum
208 1418 309 1482 iubeat
325 1417 482 1484 Christus:
500 1420 590 1486 rideo
608 1421 752 1484 laetantia
768 1421 886 1505 magnis

113 1504 256 1587 Aequora
272 1504 441 1568 turbinibus
458 1505 620 1587 tranquillo
636 1525 787 1569 marmore
805 1506 886 1569 tendi

113 1587 233 1670 luperio
252 1586 383 1668 Christi,
402 1589 490 1653 video
506 1590 641 1653 ealeatns
658 1591 792 1653 eumdem

112 1669 189 1736 Cum
207 1673 318 1756 patitur
335 1694 449 1756 gurges
466 1685 585 1756 tergum
603 1673 750 1737 solidante
767 1674 894 1755 liquore.

113 1756 181 1839 lpse
200 1777 290 1840 super
307 1758 413 1821 fluidas
430 1758 540 1841 plantis
557 1758 721 1820 nitentibus
739 1759 835 1820 undas

112 1840 256 1904 Ambulat
269 1861 309 1904 ae
326 1862 430 1925 presso
447 1843 547 1904 firmat
563 1841 694 1925 vestigia
709 1841 817 1913 dueta,

112 1923 252 2008 luerepat
268 1925 332 2009 ipse
348 1925 450 1990 Notos
465 1936 498 1989 et
514 1926 640 1993 flatibus
651 1926 713 1988 otia
731 1925 863 1988 mandat.

144 2009 189 2072 uis
207 2009 310 2072 iubeat
325 2010 427 2074 saevis
443 2010 659 2092 Aquilonibus,
677 2010 736 2088 ite,
754 2009 842 2072 silete

112 2093 295 2158 tarceribus
312 2095 424 2159 vestris
441 2095 597 2178 amploque
614 2095 754 2159 faeessite
770 2104 880 2177 ponto,

112 2177 160 2242 Sit
177 2178 236 2241 nisi
254 2178 435 2263 caelipotens
452 2179 635 2262 Aquilonum
653 2179 790 2243 eonditor
805 2179 904 2242 idem?

112 2261 284 2344 Ninguidua
300 2265 440 2348 agnoseit
454 2261 573 2328 Boreas
590 2275 680 2351 etque
696 2263 833 2327 imbrifer
848 2262 952 2327 Eurus

112 2345 291 2411 Nimbornm
308 2349 459 2411 dominum
475 2358 743 2431 tempestatumque
760 2358 910 2432 potentem

112 2430 313 2514 Excitamque
329 2433 456 2495 hiemem
473 2443 601 2496 verrunt
615 2433 733 2496 ridente
750 2452 869 2496 sereno.

113 2514 189 2597 Quis
207 2517 306 2600 pelagi
323 2517 448 2580 ealearit
464 2523 577 2600 aquas?
594 2517 660 2599 quis
678 2516 826 2600 pervade
844 2515 950 2600 glauca

114 2600 278 2664 Gressibus
295 2601 440 2686 inpressis
457 2602 603 2686 spatiatus
620 2600 740 2665 triverit
755 2602 846 2664 udum

112 2682 184 2748 Nou
202 2686 375 2750 submersam
392 2687 467 2765 iter,
485 2687 551 2750 sola
567 2686 711 2769 pendulus
729 2696 762 2749 et
777 2686 851 2768 pede
867 2685 965 2764 smeo,

113 2769 291 2851 Aequoreae
308 2771 369 2834 nisi
384 2772 482 2833 faetor
498 2773 614 2852 mnae?
631 2769 682 2853 qui
699 2767 829 2853 Spiritus
847 2769 917 2833 oli·

113 2852 178 2919 Ore
195 2855 372 2937 superfusus
388 2855 486 2938 patrio
504 2853 651 2918 volitabat
666 2855 699 2916 in
716 2853 804 2917 undis

112 2936 253 3001 Nondum
272 2940 426 3018 diseretis,
446 2959 503 3002 nee
520 2950 604 3003 nerto
619 2938 722 3003 littore
739 2937 861 3002 eleusis.

114 3021 264 3087 Sustinuit
281 3044 418 3106 gressum
435 3023 546 3087 domini
564 3024 692 3087 famulus
709 3023 823 3105 liquor,
842 3043 879 3085 ae
896 3043 930 3086 se

114 3104 284 3171 Mobilitate
301 3129 410 3172 careus
426 3108 539 3172 solides
557 3107 739 3170 substrinxit
756 3107 795 3169 ad
812 3126 898 3168 usus.

198 3191 278 3274 Quid
295 3193 417 3256 diversa
433 3190 493 3254 Dei
508 3209 670 3253 memorem
689 3192 770 3252 faeta
786 3189 890 3253 inolita
908 3187 1037 3267 Christi,

113 3276 213 3340 Altius
231 3277 366 3360 inspecta
383 3295 471 3358 quem
488 3275 645 3338 maiestate
662 3284 791 3358 negator

114 3359 203 3425 fland
222 3361 362 3425 dubitans
378 3359 545 3445 hominem,
563 3370 628 3423 tute
644 3360 708 3444 ipse
726 3358 861 3424 fatebere
878 3362 1007 3424 numen?

113 3444 224 3508 lnlevit
242 3466 347 3509 caecos
364 3446 468 3511 oeulos
484 3457 517 3509 et
532 3445 645 3509 lumina
662 3445 734 3508 limo

113 3527 270 3608 Reddidit,
289 3531 456 3594 bumeetanr
471 3550 561 3593 sacro
579 3530 747 3614 sputamine
763 3540 875 3593 terrem

112 3610 314 3679 Contrectaus
333 3615 447 3698 digitis:
465 3615 578 3678 luteum
595 3614 778 3677 medicamen
796 3624 900 3697 operta

112 3697 189 3762 Nox
206 3699 325 3779 babuit,
344 3698 485 3762 tenebras
502 3699 629 3762 obdeota
647 3698 728 3783 uligo
746 3699 885 3764 removit.

113 3782 242 3866 Insuper
259 3784 403 3859 ostendit,
424 3802 550 3867 quonam
570 3782 667 3868 ealigo
686 3786 807 3847 lavaero

113 3864 320 3953 Expurgonda
338 3870 429 3933 foret.
474 3866 578 3934 Variis
594 3866 679 3933 Siloa
695 3867 828 3933 refundit
1120 3877 1171 3933 ooo
1202 3841 1206 3848 ⁸

68 4002 125 4056 613.
135 4004 256 4071 erepend.
267 4003 306 4055 m
315 4032 350 4043 ·-
358 4004 564 4068 miserturum
572 3996 1171 4054 ser-nso.mmmmois.c011.:ommm

68 4072 318 4125 —65ttaeeu-
336 4071 532 4138 dibfladtasb
543 4096 579 4108 -
597 4073 656 4124 656.
667 4068 800 4121 etBFabr.
811 4069 867 4119 Gis.
878 4067 941 4118 Cell.
955 4094 988 4104 -
1005 4064 1172 4132 bbl.nr‘ngui

68 4155 95 4190 n.
105 4139 174 4190 t-
186 4139 246 4191 661.
256 4139 427 4190 calcaretur
435 4168 470 4179 -
482 4138 541 4191 669.
552 4139 636 4190 limite
644 4139 741 4189 lthrr.
751 4162 785 4173 -
799 4136 859 4187 671.
870 4135 1019 4186 odstm-
1032 4134 1092 4188 673.
1103 4150 1171 4202 qnae

68 4206 208 4272 tNObmqu
217 4209 276 4258 Put.
287 4207 363 4270 Ald„
378 4206 561 4272 quincunce.
571 4207 668 4272 poelt.
684 4218 761 4270 quem
773 4209 830 4254 net
839 4209 898 4264 eet,
912 4207 1027 4271 negatam
1035 4200 1168 4269 nummo,

68 4275 285 4341 genthOAld.
295 4303 328 4313 -
343 4273 403 4326 616.
413 4276 499 4325 eeeeie
507 4274 563 4325 Gis.
572 4271 648 4340 prob.
657 4272 750 4322 fletus.
910 4283 913 4291 ’

68 4384 366 4459 550.ttitm.V111‚2o.;
381 4391 413 4446 de
423 4405 460 4444 vv.
471 4405 532 4459 sqq.
542 4391 583 4444 ud.
627 4390 743 4456 toamvt
757 4389 798 4444 19.
808 4390 911 4445 -616,
921 4393 992 4444 loau.
1003 4390 1050 4453 tx,
1060 4390 1087 4441 6.
