2744 4852
110 240 174 306 294
506 238 576 296 Aur.
597 234 743 296 Prudentii
763 236 851 296 Cleua.

201 406 287 471 [Inus
305 417 371 470 erat
388 407 528 470 iuvenum
548 405 736 469 doctissimus
754 405 869 469 artibus
886 403 1035 479 sinistris,

198 491 314 555 Fraude
332 491 502 575 pudicitiam
521 493 722 575 perfringere,
742 491 783 553 nil
802 511 919 553 sacrum
939 501 1061 573 putare:

198 576 295 661 Saepe
312 576 402 639 etiam
420 577 567 660 magicum
587 587 743 639 cantamen
761 575 837 638 inire
856 596 910 659 per
927 574 1078 659 sepulcra,

200 661 268 743 Quo
288 661 405 743 geniale
423 663 481 723 tori
499 662 545 724 ius
564 661 697 724 solveret
713 671 869 723 aestuante
887 671 989 742 nupta.

114 767 146 817 25
198 746 356 810 Luxuriae
374 745 486 808 rabiem
506 757 606 808 tantae
625 746 743 808 cohibet
760 755 882 828 repente
901 743 1060 823 Christus,

199 830 332 894 Discutit
350 841 380 894 et
396 831 536 894 tenebras
555 832 591 894 de
609 842 727 914 pectore
745 831 827 914 pellit
845 841 876 893 et
893 831 1041 892 furorem:

201 914 299 999 lnplct
317 937 419 979 amore
438 916 500 988 sui,
520 917 571 978 dat
586 917 723 988 credere,
745 917 794 977 dat
813 916 923 998 pudere
942 914 1024 976 facti.

119 1036 124 1042 -
200 1000 322 1084 lantque
340 1002 436 1083 ligura
455 1002 512 1062 alia
532 1011 592 1073 est,
611 1021 698 1083 quarn
717 1020 792 1083 quae
811 1000 883 1077 luit,
904 999 965 1062 oris
984 1009 1016 1061 et
1034 998 1149 1062 nitoris:

200 1085 334 1148 Eruitur
353 1085 434 1148 tenui
452 1086 553 1149 vultus
572 1096 654 1162 cute,
675 1085 832 1148 transitio
851 1105 1005 1148 severam:

116 1190 121 1203 ¹
200 1170 306 1233 Deflua
326 1171 476 1232 caesaries
496 1171 685 1252 conpescitur
702 1171 739 1232 ad
757 1169 865 1233 breves
884 1169 1019 1251 capillos.

199 1254 268 1337 lpse
286 1255 420 1316 modesta
438 1254 534 1337 loqui,
555 1274 635 1337 spem
656 1275 817 1337 quaerere,
837 1254 972 1336 regulam
993 1263 1110 1326 tenere,

199 1338 314 1403 Vivere
332 1339 474 1401 iustitiam
495 1336 609 1402 Christi
627 1349 658 1400 et
676 1349 833 1420 penetrare
852 1340 959 1421 dogma
978 1350 1122 1401 nostrum.

201 1422 258 1486 llis
276 1423 370 1507 igitur
387 1422 501 1486 meritis
520 1423 712 1504 dignissimus
732 1444 825 1506 usque
843 1423 1012 1507 episcopale

200 1507 383 1572 Provehitur
400 1508 506 1571 solium
526 1509 646 1584 doctor,
666 1507 744 1590 capit
762 1519 792 1570 et
810 1509 902 1570 sedile
921 1529 1077 1570 summum.

116 1617 145 1630 ·'
200 1593 383 1657 Valerianus
402 1615 488 1676 opum
507 1593 644 1677 princeps
663 1604 728 1657 erat
745 1602 833 1675 atque
853 1592 1028 1656 Gallienus:

202 1676 395 1744 Constituere
413 1679 502 1740 simul
521 1699 643 1762 paenam
663 1678 768 1761 capitis
787 1676 883 1740 Deum
902 1676 1023 1740 fatenti.

199 1762 287 1826 Milia
306 1763 490 1845 terrigenum
510 1762 702 1846 spurcissima
720 1763 872 1825 iusserant
889 1763 1022 1825 sacrari:

201 1846 317 1911 Contra
335 1849 450 1910 animos
469 1847 566 1932 populi
585 1850 690 1910 doctor
708 1846 878 1932 Cyprianus
897 1847 1060 1928 incitabat,

199 1930 249 1995 Ne
268 1933 333 2014 quis
352 1932 388 1994 ab
408 1934 550 2015 egregiae
568 1933 688 1996 virtutis
708 1933 821 1995 honore
841 1933 1043 2016 discreparet,

199 2016 270 2081 Neu
288 2017 355 2080 fidei
375 2017 499 2100 pretium
519 2018 583 2098 quis
603 2038 720 2080 sumere
739 2019 871 2101 degener
887 2017 1023 2080 timeret:

199 2101 278 2164 Esse
296 2102 391 2165 levem
412 2103 594 2181 cruciatum,
614 2103 641 2164 si
658 2104 745 2164 modo
765 2104 903 2165 conferas
923 2103 1042 2179 lutura,

201 2185 288 2268 Quae
307 2185 389 2249 Deus
408 2187 470 2270 ipsc
488 2187 562 2249 viris
581 2187 740 2249 intermina
761 2187 888 2248 sortibus
906 2187 1080 2270 spopondit:

199 2271 304 2334 Meroe
323 2271 434 2333 doloris
454 2271 512 2332 orni
530 2292 611 2353 spem
630 2271 750 2333 luminis
769 2282 800 2333 et
816 2271 892 2333 diem
912 2292 1091 2354 perennem,

201 2354 299 2419 Omne
317 2356 424 2417 malurn
443 2355 560 2418 volucri
578 2377 643 2417 curu
663 2365 795 2439 tempore
814 2356 1003 2418 transvolare
1022 2355 1139 2418 cursim.

135 2462 145 2474 ·
200 2439 254 2504 Nil
273 2461 382 2522 grave,
404 2441 479 2523 quod
499 2440 602 2524 peragi
621 2440 688 2502 larris
708 2440 779 2502 lacit
797 2451 826 2502 et
844 2440 943 2522 quiete
962 2440 1069 2514 donat,

204 2524 245 2588 Se
264 2527 331 2587 sore
350 2526 527 2606 principium
546 2526 666 2607 pulcrae
686 2525 767 2587 necis
786 2536 816 2587 et
834 2527 938 2587 ducem
957 2525 1090 2603 cruoris,

201 2607 299 2690 Seque
317 2619 406 2690 caput
423 2609 522 2691 gladio
540 2609 731 2682 submittere,
752 2610 930 2690 sanguinem
949 2610 1067 2672 dicare:

201 2691 262 2775 Qui
280 2693 396 2754 sociare
414 2693 542 2754 animam
562 2691 685 2755 Christo
703 2693 789 2765 velit,
808 2704 841 2754 ut
859 2715 958 2756 comes
977 2705 1129 2776 sequatur.

201 2777 257 2840 llis
276 2777 327 2840 ubi
346 2779 436 2840 corda
453 2777 550 2841 virum
571 2775 693 2840 Christo
712 2779 856 2841 calefacta
875 2778 1079 2860 praeparavit,

202 2862 331 2925 Ducitur
349 2874 418 2925 ante
436 2863 511 2925 alios
529 2861 715 2925 Proconsule
733 2865 905 2946 perfurente
925 2864 1055 2926 vinctus.

201 2951 300 3011 Antra
319 2948 414 3008 latent
430 2947 543 3031 Tyriae
563 2945 756 3030 Carthaginis
775 2947 864 3010 altius
882 2958 1021 3031 reposta,

203 3030 335 3095 Conscia
354 3031 498 3093 tartariae
517 3032 670 3114 caliginis,
691 3031 827 3094 abdicata
844 3031 916 3094 soli:

152 3187 195 3240 24.
206 3186 286 3249 genia
297 3185 321 3234 lo
331 3189 357 3234 et
366 3182 441 3234 01οἈ
458 3215 493 3224 -
510 3185 553 3237 29.
568 3189 697 3246 severam]
708 3184 869 3249 AN2quua
878 3186 972 3236 Heius.
982 3185 1040 3248 Ar„
1051 3202 1167 3238 1000111111
1176 3180 1239 3235 rtttn

116 3251 177 3303 Ata.
189 3258 249 3311 etc„
264 3252 386 3303 renernO
407 3280 439 3290 -
457 3252 500 3302 32.
511 3252 755 3314 lsioerononttcm]
771 3253 837 3303 sot.
850 3255 942 3304 Heius.
953 3252 1011 3316 Ar,
1031 3254 1126 3306 Bibere
1135 3257 1164 3315 T,
1181 3259 1241 3316 quart

117 3321 185 3371 conl.
199 3321 292 3370 Heius.
308 3320 440 3370 Iustitiam
453 3322 536 3370 inbth.
553 3321 623 3385 Chr,
649 3320 731 3373 Ubere
745 3323 876 3370 iristitiam
891 3323 1022 3384 bidereE,
1039 3320 1241 3379 irntidiuBROup

117 3388 199 3439 Altin.
214 3386 309 3438 Cauch.
321 3386 393 3448 hld„
407 3390 527 3438 irastitr'nc
536 3390 629 3440 Weitz.
648 3389 780 3439 lentitiam
795 3391 847 3439 bib.
864 3390 935 3449 Gis.;
954 3391 1001 3440 sed
1015 3391 1058 3441 vd.
1070 3391 1099 3441 C.
1110 3394 1144 3452 ΙΙ,
1154 3390 1193 3441 33.
1202 3387 1242 3438 Cic·

117 3471 163 3522 pro
173 3456 242 3506 Sext.
251 3456 324 3516 XIX,
335 3456 378 3505 43.
391 3457 467 3506 Baur.
479 3456 509 3506 ad
521 3458 607 3509 Sauct.
618 3458 726 3510 blinerr.
738 3459 759 3506 1.
775 3472 801 3522 p.
813 3458 873 3508 415.
884 3458 941 3509 tm:
958 3463 984 3508 et
993 3474 1047 3509 orn.
1057 3461 1100 3509 Ra
1111 3460 1199 3511 Weitz.
1207 3454 1243 3506 tr.

118 3551 152 3559 -
161 3525 203 3574 33.
215 3522 289 3588 dign.
300 3539 363 3574 aner.
373 3539 455 3588 ttsqnc
465 3525 501 3574 nd
508 3541 549 3590 ep.
560 3527 583 3576 n
596 3554 630 3563 —
648 3525 691 3576 36.
701 3527 784 3590 capiti
792 3527 831 3576 Ra
841 3527 933 3578 Weitz.
944 3553 978 3562 —
992 3529 1035 3578 41.
1046 3524 1246 3591 eonferatltbmq

118 3592 174 3644 Gis.
186 3593 280 3643 Weitz.
290 3623 324 3631 -
333 3592 377 3643 44.
388 3591 443 3642 ctat.
455 3597 533 3658 temp.
543 3591 604 3643 Ald.
616 3607 696 3652 corr.;
712 3608 817 3643 caream
825 3591 849 3643 Δ
858 3618 891 3628 -
900 3595 943 3645 45.
954 3597 1069 3660 quietem
1078 3594 1247 3658 aawbmqa

117 3661 275 3727 trasamundo
285 3661 336 3715 tw
345 3660 388 3710 lso
398 3689 430 3698 -
440 3661 485 3711 ts.
496 3661 560 3724 Quis
570 3661 630 3713 ald.
640 3687 674 3696 —
684 3663 726 3716 52.
738 3661 835 3712 abditis
845 3663 939 3716 Weitz.
948 3692 982 3701 —

150 3796 193 3848 25.
209 3795 354 3858 dumeto]
372 3795 480 3846 Hieron.
498 3793 529 3846 ad
547 3797 604 3846 lon.
624 3798 671 3846 111.
708 3795 1250 3861 cosiqulculuisseprobuttumexl’cu·

117 3863 175 3926 (Vl.
183 3878 208 3929 p.
218 3862 305 3931 104.):
316 3864 496 3929 Proponamus
504 3865 579 3914 nobr'a
590 3865 613 3912 b.
621 3863 673 3930 Gya
707 3865 735 3914 tii
748 3862 815 3915 diac.
826 3866 981 3925 testimonio,
1003 3873 1058 3916 tum
1073 3867 1150 3917 etiam
1163 3880 1192 3917 ex
1202 3862 1250 3914 Ab·

113 3933 252 3995 prienam,
268 3933 397 3995 qnipra'us
406 3932 575 3982 idololatriac
584 3932 673 3981 adser-
706 3933 770 3996 ipsis
780 3947 794 3982 a
804 3934 909 3983 notariis
923 3933 1057 3997 diligenter
1066 3935 1186 3998 exceptis.
1203 3929 1252 3982 Adt

117 4001 224 4062 torserit
232 4004 259 4048 ct
266 4001 293 4048 in
303 4003 404 4048 tontum
412 4000 528 4063 gloriam
538 4002 610 4050 verrit
617 4000 673 4050 clu·
707 3999 753 4065 (ad
763 4013 787 4050 a.
798 4002 872 4065 258.)
883 4001 1076 4051 reruGalerium
1083 4003 1251 4053 adoraruros

117 4069 247 4128 pueritiae,
262 4069 447 4117 moratoriam
457 4083 559 4133 quoqne
568 4068 674 4118 doceret
706 4068 781 4118 lussu
791 4066 895 4132 Aspasii
905 4070 1005 4119 Paterni
1016 4083 1071 4119 cos.
1081 4071 1166 4133 primo
1175 4082 1253 4120 amau·

117 4131 288 4196 Carthagini,
308 4135 344 4184 ad
355 4138 548 4200 paonitentiam
567 4152 672 4186 concer—
707 4135 784 4186 desse
798 4136 825 4186 S.
837 4136 991 4201 Cypriacam
1007 4138 1033 4187 iu
1046 4138 1174 4189 civitatem
1184 4138 1254 4188 Coru-

115 4201 671 4266 snmintorztumventsscvirtatem,nthrr'-
705 4201 1254 4270 bitonum,detodecopttemutctcssetnagn

115 4272 185 4316 atram
198 4268 304 4332 publico
318 4271 488 4334 praedicaret
510 4289 541 4323 ae
555 4289 606 4338 pro
624 4273 670 4322 illo
706 4272 787 4333 Serti,
804 4271 850 4321 ubi
861 4274 964 4322 Procos.
976 4288 1023 4336 pru
1038 4273 1179 4340 reparanda
1193 4271 1255 4325 saui-

116 4337 243 4384 ceroa'crm
256 4335 347 4398 gladio
354 4340 489 4401 flecteret.
506 4366 540 4376 —
559 4343 600 4392 att.
607 4357 672 4406 pro-
706 4348 755 4392 tate
765 4338 882 4407 degebat.
902 4340 1007 4391 CIIAM.

115 4407 198 4463 rona]
213 4405 306 4453 Barca.
322 4403 339 4452 l.
351 4405 368 4454 l.
385 4413 444 4458 tunc
458 4409 594 4460 Paternum
604 4411 670 4460 Pro-
