2744 4852
404 182 419 189 ..
445 230 547 282 nonus
564 220 727 302 Spumant.
745 224 771 284 1.

248 389 355 468 ‘Spirat
371 391 521 470 sacrilegis
538 393 650 453 dntibus
667 393 774 453 inscius

255 475 433 554 Erroresque
450 495 518 537 suos
530 476 668 537 =indoeilis
684 478 773 536 iuvet.

255 559 404 630 Obtestor,
421 560 534 632 iudans,
552 581 589 621 ne
607 564 681 620 ritus
698 563 810 639 inpetus

255 643 391 705 Arsurum
410 643 510 709 modiis
528 647 633 705 inferat
649 636 772 724 ignibus.
802 692 808 699 .

214 859 380 926 Credebam
397 861 480 927 vitiis
497 882 620 948 aegram
637 860 800 947 gentilibus
819 860 920 928 urbem

124 946 188 1009 lam
207 946 282 1009 satis
299 946 414 1031 antiqui
431 946 579 1033 pepulisse
596 948 729 1031 pericula
745 946 859 1025 morbi,

123 1030 191 1095 Neo
209 1031 367 1116 quidquam
385 1044 502 1097 restare
520 1032 606 1111 mali,
626 1042 783 1118 postquam
800 1030 948 1097 medicina

124 1114 455 1200 Principisinmodieos
472 1116 594 1181 sedarat
610 1116 641 1181 iu
659 1137 730 1181 aree
748 1117 876 1182 dolores.
1007 1192 1012 1206 Ι

126 1199 187 1265 Sed
205 1200 344 1283 queniam
363 1211 509 1265 renovata
524 1200 591 1265 lues
609 1200 732 1266 turbare
749 1200 876 1266 sulutem
1168 1219 1181 1266 o

124 1284 266 1368 Temptat
282 1284 487 1360 Romulidum,
505 1282 608 1350 Putris
624 1286 800 1369 inploranda
817 1284 932 1351 medela
954 1295 1011 1367 est,

123 1369 173 1433 Ne
190 1371 271 1433 sinat
288 1371 409 1453 antiquo
425 1368 554 1435 Romam
571 1370 709 1455 squalere
728 1381 867 1447 veterno,

123 1453 211 1518 Neve
228 1465 315 1536 togas
334 1476 489 1539 procerum
508 1456 647 1539 fumoque
665 1465 697 1519 et
711 1456 860 1539 sunguine
877 1455 983 1539 tingui.

124 1538 251 1602 lnelitus
268 1560 341 1622 ergo
361 1561 469 1622 parens
486 1539 617 1623 patriae,
636 1540 810 1603 moderator
826 1550 858 1602 et
874 1540 968 1615 orbis,

124 1621 178 1686 Nil
195 1623 259 1705 egit
276 1624 472 1706 prohibendo,
489 1643 584 1707 vagas
602 1643 640 1687 ne
659 1622 803 1709 pristinus
821 1644 910 1687 error
1151 1640 1182 1689 to

125 1705 272 1771 Crederet
289 1728 356 1772 esse
374 1706 472 1771 Deum
489 1708 630 1792 nigrante
648 1708 703 1772 sub
722 1728 792 1771 aere
811 1709 943 1773 dormasl

125 1795 189 1855 Aut
205 1792 420 1867 elementorum
439 1803 594 1871 naturam,
614 1813 690 1877 quae
707 1789 809 1856 Patris
828 1814 878 1856 ars
896 1805 944 1857 est

124 1875 302 1958 Omnigeni,
321 1897 436 1941 summa
454 1899 508 1961 pro
526 1878 682 1941 maiestate
699 1879 853 1940 sacrarat

124 1960 182 2025 Vir
199 1960 298 2039 solus,
319 1962 367 2024 eui
385 1983 458 2026 eura
475 1960 549 2039 suit,
568 1983 606 2025 ne
624 1961 741 2045 publiea
757 1983 874 2025 morum

123 2044 218 2128 Plaga
236 2044 405 2109 eieatrieem
422 2067 539 2109 summa
554 2046 662 2110 leviter
680 2057 747 2111 oute
766 2046 897 2109 clausam
1152 2061 1180 2109 tt

123 2129 257 2209 Duceret
274 2141 305 2194 ot
320 2130 464 2195 latebram
482 2129 612 2195 tabentis
629 2130 764 2196 vulneris
781 2131 842 2194 alte

121 2213 293 2299 lupressam
311 2214 486 2300 penitusque
504 2215 583 2314 putri
602 2216 638 2280 de
656 2236 730 2301 pure
747 2235 883 2299 peresam

123 2298 231 2362 lunata
248 2300 419 2382 superficies
437 2301 551 2365 medroo
569 2300 692 2365 fallente
710 2301 839 2365 foveret.

123 2382 183 2448 Sed
201 2384 329 2458 studuit,
349 2406 407 2468 quo
425 2405 495 2469 pars
513 2385 640 2449 hominis
659 2384 837 2469 generosior
854 2382 935 2445 intus

123 2467 253 2533 Viveret
268 2479 357 2551 utque
374 2471 503 2531 animam
520 2468 604 2534 letali
620 2480 704 2555 peste
722 2469 832 2555 piatam

122 2551 238 2616 Nosset
254 2553 291 2615 ab
308 2553 429 2618 interno
446 2563 541 2617 tutam
558 2574 683 2619 servare
700 2574 828 2617 veneno.

122 2637 180 2701 llla
198 2647 394 2722 tyrannorum
412 2639 513 2702 suerat
528 2638 691 2714 medicina,
710 2639 830 2717 videre,

152 2722 184 2785 ui
201 2733 297 2787 status
315 2733 385 2786 aute
402 2722 505 2785 ouudos
523 2723 730 2807 praesentibus
748 2743 784 2785 ae
801 2719 942 2805 perituris

123 2806 307 2891 Lonpeteret
322 2807 412 2870 rebus
431 2827 487 2871 neo
505 2826 607 2869 curam
624 2804 766 2869 adhibere
784 2804 905 2867 futuris.

122 2890 207 2969 Heu,
227 2891 304 2955 male
321 2893 357 2954 de
374 2889 481 2977 populo
500 2888 616 2970 meriti,
634 2891 712 2955 male
729 2888 863 2973 patribus
880 2887 955 2970 ipsis
1147 2905 1179 2952 aa

121 2974 272 3051 Blanditi‚
292 2996 366 3058 quos
385 2975 563 3061 praecipites
580 2976 613 3039 iu
631 2985 747 3040 tartara
763 2972 860 3056 mergi

123 3057 200 3126 Cum
218 3058 290 3127 love
307 3061 445 3127 siverunt
462 3060 554 3125 multa
571 3071 603 3125 et
620 3081 686 3123 cum
704 3057 789 3145 plebe
807 3056 953 3121 Deorum.

121 3145 182 3209 Ast
199 3146 247 3210 hie
262 3142 408 3232 idperium
426 3145 577 3231 protendit
593 3144 683 3209 latius
700 3164 777 3207 aevo

121 3228 309 3308 Posteriora,
328 3230 391 3294 suis
409 3230 531 3328 cupiens
548 3228 673 3295 sancire¹
685 3228 829 3293 salutem:

121 3312 272 3377 Nimirum
290 3313 392 3397 pulcre
410 3315 528 3395 quidam
546 3312 737 3377 doctissimus
760 3308 879 3391 „Esset
1147 3326 1179 3376 'du

122 3395 273 3474 „Pullion
289 3402 367 3460 res“
388 3396 487 3482 inquit
504 3404 602 3478 „tuno
620 3399 773 3460 fortunata
790 3394 882 3474 satis,
901 3394 928 3457 si

78 3513 250 3569 mmd-
320 3562 324 3569 .

78 3585 118 3637 lt.
128 3583 223 3637 1...oo.
234 3580 391 3637 emb-4.
399 3582 675 3637 Pma'nmedr'eorll-
685 3582 726 3635 to.
736 3578 979 3646 uagrrEPa-ll.
989 3579 1178 3631 madnutttt’-

78 3652 196 3773 ‘sm
205 3651 478 3714 EP-21.Possatn,
490 3652 557 3704 eooi.
567 3652 659 3703 Burm.
668 3646 688 3701 Ι.
699 3649 717 3702 Ι.
726 3649 819 3719 ptdi.
827 3648 916 3706 -2a.
926 3647 1103 3712 omasum-
1112 3646 1179 3699 31...

86 3754 96 3773 .
192 3734 286 3788 rag.-

78 3840 95 3891 t.
108 3838 243 3907 Prendo]
255 3835 426 3891 Referohnae
437 3835 515 3891 rerba
530 3848 591 3889 eum
624 3838 717 3899 rom]
728 3835 823 3889 Iuliani
831 3834 980 3901 apostatae,
990 3828 1119 3883 Vriendsr
1134 3842 1181 3879 eo-

78 3920 93 3957 t.
102 3903 193 3959 chum,
205 3903 253 3959 Ar.
266 3905 497 3969 ad'ssaeodosium,
511 3906 555 3971 qd.
566 3919 591 3958 r.
626 3918 686 3957 rum
698 3904 791 3973 impp,
806 3902 853 3969 qui
866 3906 911 3953 aut
922 3901 973 3967 ipsi
987 3898 1079 3966 pugnat
1096 3902 1178 3957 erunt,

78 3972 167 4041 lsqq„
178 3979 204 4027 ot
212 3975 269 4026 ud.
279 3972 510 4041 adspmmauhum,
519 3974 590 4027 mid.
626 3978 671 4024 unt
682 3972 862 4039 pagentsmum
875 3964 1026 4020 tolerabunt.
1052 3964 1181 4031 Magnen—

78 4054 128 4093 nm
137 4038 364 4104 ad'l'lreodosium
380 4043 425 4108 qui
434 4056 592 4109 paganorum
626 4041 690 4091 dnm
699 4038 771 4091 Teol.
786 4036 919 4103 intellegit,
931 4034 1073 4088 maximnm
1087 4038 1113 4086 et
1122 4032 1181 4084 Eu-

78 4108 227 4162 tumedieto
235 4111 327 4163 vetuit:
337 4108 590 4174 snoudunam,
626 4108 731 4175 genium
739 4106 797 4170 Aa,
812 4104 858 4157 sed
870 4103 980 4157 vr-d1d.
991 4102 1051 4155 tot.
1062 4101 1180 4154 ruminor

78 4216 80 4231 .
95 4174 406 4245 tantummono).
424 4178 501 4229 Patr.
515 4178 592 4245 igitur
625 4190 650 4226 v.
665 4174 775 4227 content
792 4175 935 4237 nequeunt.
953 4200 987 4209 -
1003 4170 1043 4222 lla
1059 4182 1085 4223 r.
1098 4170 1131 4221 30
1144 4168 1179 4220 ei.

78 4244 149 4299 tta.
162 4241 234 4297 idam
266 4245 318 4297 uod
331 4247 379 4296 ltei
392 4251 440 4298 est.
464 4245 518 4298 Atti
532 4259 591 4299 eum
626 4243 724 4293 Platon.
733 4240 834 4309 Repv.
845 4239 939 4309 pttt.
949 4236 1177 4294 ottuntuouu.

78 4260 591 4368 mutuo.inusununumumtve.
626 4310 692 4378 μδ,
705 4312 729 4361 5.
1211 4353 1214 4358 .

78 4379 593 4449 tranmuposut.intellegunt-atdr-
