2744 4852
113 251 177 318 288
286 327 291 351 ι
524 250 595 310 Aur.
615 248 760 310 Prudentii
779 247 869 310 Clcm.
936 202 943 231 .·

283 415 379 494 (dravi
396 414 534 499 quotiens
552 427 680 492 stratus,
698 438 783 500 opem
802 416 908 479 merui.

198 501 284 586 Quod
303 502 400 564 laetor
417 501 530 580 reditu,
549 503 625 585 quod
645 513 675 565 te
692 502 863 564 venerande
881 501 1023 570 sacerdos

115 606 163 658 180
284 585 440 668 Conplecti
458 586 570 649 licitum
589 594 650 665 est.‚'
675 586 774 649 scribo
792 587 869 669 quod
889 587 962 648 baec
980 585 1097 665 eadem,

198 671 359 757 Hippolyto
377 671 440 733 scio
459 692 505 734 mc
524 670 647 749 debore,
668 670 751 734 Deus
770 672 818 734 cui
836 667 977 735 Gbristus
1088 716 1094 724 .

283 756 378 820 Posse
396 756 491 833 dedit,
512 757 588 838 quod
607 756 672 838 quis
691 755 832 840 postulet,
852 757 997 818 adnuere.

199 841 284 927 lpsa,
304 841 371 904 illas
389 841 507 902 animae
524 841 653 904 exuvias
670 860 745 922 quae
763 840 897 903 continet
913 841 1010 913 iulum

283 925 428 989 Aedicula
446 936 573 1008 argento
591 924 726 1009 fulgurat
743 946 784 988 ex
801 925 906 988 solido.

115 1030 164 1082 185
201 1011 348 1075 l'raefixit
365 1010 481 1081 tabulas
500 1010 584 1073 dives
603 1031 709 1073 manns
727 1030 857 1093 aequore
874 1009 934 1072 levi

285 1093 472 1173 Candaules,
490 1115 630 1159 recavum
650 1095 736 1178 quale
755 1096 830 1158 nitet
847 1094 1013 1179 speculum:
1122 1117 1124 1119 ’
1167 1170 1171 1177 ι

198 1179 265 1244 Nec
282 1178 381 1242 Pariis
400 1190 541 1242 contenta
559 1180 655 1242 aditus
675 1180 822 1244 obducere
841 1179 941 1258 saxis,
1011 1255 1014 1260 .

255 1320 264 1330 .
283 1263 407 1328 Addidit
424 1265 558 1326 ernaudo
577 1265 657 1326 clara
677 1265 789 1327 talenta
808 1265 902 1348 operi.

197 1347 290 1413 Mane
309 1369 323 1411 s
344 1348 467 1411 lutatum
487 1349 690 1411 concurritur:
710 1349 807 1413 omnis
826 1350 934 1412 adorat

85 1470 88 1477 .
115 1453 164 1506 lto
282 1369 390 1511 Pubis,
411 1434 644 1511 eunt„rcdeunt
661 1433 733 1496 solis
752 1435 884 1516 adusque
902 1433 1023 1497 obitum.

199 1517 370 1603 Conglobat
386 1518 417 1580 in
436 1538 562 1581 cuneum
579 1515 685 1581 Latios
702 1519 791 1582 simul
808 1539 844 1580 ac
862 1519 1039 1604 peregrinos

282 1602 462 1667 Permistim
480 1603 601 1686 populos
619 1603 786 1687 relligionis
804 1623 903 1667 amor:

201 1687 314 1754 Oscula
331 1689 487 1772 perspicuo
505 1688 601 1770 figunt
617 1688 754 1771 inpressa
771 1689 906 1761 metallo,

283 1771 426 1836 Balsama
444 1773 623 1849 defundunt,
648 1772 765 1836 fletibus
783 1794 838 1836 ora
855 1774 968 1856 rigant.

116 1877 164 1928 ros
199 1856 264 1921 Iam
282 1879 349 1920 cum
366 1878 400 1920 se
418 1868 548 1921 renovat
564 1857 868 1922 decursis‘mensibus
885 1879 984 1922 annus
1095 1894 1103 1903 ·

283 1941 482 2025 Natalemque
501 1941 576 2004 diem
596 1942 695 2026 passio
715 1943 792 2006 festa
808 1944 918 2006 refert:

199 2026 321 2112 Quanta
339 2037 424 2112 putas
442 2026 548 2090 studiis
566 2027 750 2091 certantibus
768 2026 889 2113 agmina
907 2027 990 2113 cogi,

269 2111 409 2194 ⁴Quaeve
427 2111 605 2175 celebrando
623 2123 694 2176 vota
712 2112 792 2176 coire
809 2110 895 2176 Deo?

197 2195 278 2263 Urbs
297 2207 514 2280 angustasuos
531 2197 626 2261 vomit
643 2197 825 2280 effirnditque
842 2195 994 2280 Quirites,

113 2300 163 2355 200
283 2279 352 2347 Una
371 2292 401 2345 et
411 2280 559 2364 patricios
577 2281 738 2345 ambitione
756 2282 830 2367 pari.

200 2367 365 2433 Confundit
385 2366 500 2450 plebeia
517 2366 649 2450 phalanx
666 2366 844 2431 umbonibus
861 2366 966 2450 aequis

283 2450 455 2515 Discrimen
473 2472 629 2536 procerum
647 2452 861 2536 praecipitante
878 2453 949 2528 fide,

198 2535 265 2600 Nec
283 2537 381 2599 minus
399 2535 526 2598 Albanis
544 2536 624 2599 acics
642 2557 675 2599 se
694 2528 819 2599 c'andida
837 2538 931 2621 portis

283 2619 426 2703 Explicat
443 2630 474 2682 et
490 2621 588 2703 longis
607 2621 724 2683 ducitur
742 2621 916 2684 ordinibus:
977 2681 979 2685 ,

115 2726 165 2781 205
200 2703 350 2770 Exultant
369 2704 506 2768 fremitus
522 2704 675 2768 variarum
695 2706 763 2769 binc
781 2707 850 2770 indo
868 2707 1002 2781 viarum,

284 2790 429 2873 ludig'ena
446 2799 477 2852 et
493 2787 602 2854 Picens
620 2790 701 2875 plebs
720 2802 751 2854 et
767 2789 897 2855 Etrusca
915 2793 1010 2856 venit.

201 2873 364 2941 Concurrit
381 2873 525 2938 Samnitis
543 2887 634 2938 atrox
652 2875 802 2955 habitator
819 2886 850 2940 et
867 2877 946 2940 altae
1048 2914 1053 2923 ·

285 2957 456 3044 Campanus
475 2957 595 3043 Capuae
613 2959 731 3041 iamque
748 2959 886 3024 Nolanus
905 2963 1000 3025 adest.

199 3044 333 3128 Quisque
351 3064 405 3106 sua
424 3044 521 3107 lactus
539 3066 605 3107 cum
623 3045 754 3129 coniuge
769 3046 903 3109 dulcibus
921 3057 1036 3110 etcum

113 3148 164 3204 210
284 3128 463 3212 Pigneribus
482 3128 615 3212 rapidum
635 3150 758 3214 carpere
777 3132 868 3214 gestit
884 3131 954 3194 iter.

198 3213 263 3280 Vix
282 3215 402 3297 capiunt
420 3214 511 3297 patuli
530 3214 704 3297 populorum
722 3215 831 3298 gaudia
848 3217 959 3299 campi.

263 3321 269 3334 ·
284 3298 399 3362 Haeret
416 3310 447 3362 et
463 3299 494 3361 in
512 3300 628 3378 maguis
647 3300 740 3362 densa
758 3302 865 3364 cohors
884 3301 1000 3383 spatiis.

198 3386 367 3466 Augustum
387 3383 478 3446 tantis
495 3383 567 3446 illud
585 3404 691 3467 specus
708 3404 777 3448 esse
795 3387 937 3463 catervis,
1031 3410 1034 3415 ·

148 3538 208 3591 190.
214 3536 297 3603 pubes
305 3537 329 3586 R
339 3534 492 3586 Gis.Weitz.
503 3534 550 3586 dr.
560 3563 594 3573 -
604 3535 662 3587 tot.
672 3536 900 3603 remdamtbltin„
911 3539 1023 3606 ddffmtd.
1033 3540 1159 3596 swein.
1168 3539 1244 3593 Ar.-

112 3609 173 3663 204.
184 3606 237 3656 dio.
247 3602 292 3654 ΔΕ
306 3631 334 3640 -
344 3601 405 3658 208.
415 3601 531 3654 Bolamm
541 3604 608 3656 coni.
619 3604 714 3655 Caucb.
724 3634 758 3646 -

148 3744 207 3796 185.
218 3736 393 3806 aequomst.
404 3738 449 3801 ut,
463 3738 521 3798 53.;
536 3739 664 3803 quarela·
699 3746 829 3793 aeternas.
849 3742 949 3795 (ΞΜ.
975 3742 1015 3795 Cf.
1039 3744 1148 3797 Hieron.
1170 3743 1246 3810 Epist.

113 3813 336 3874 minaonrgentene
346 3820 455 3871 aequore
461 3805 665 3874 (marmore)tevi
700 3811 778 3873 XIX,
789 3808 825 3861 ib.
836 3812 901 3863 Mar.
912 3812 1007 3863 Victor.
1019 3811 1068 3879 (X.
1078 3826 1106 3878 p.
1118 3813 1177 3881 34.)
1188 3813 1248 3863 Am·

95 3902 101 3909 ·
113 3879 235 3946 expolitae
244 3875 424 3940 intellegantur
432 3888 538 3926 necesse
549 3883 600 3936 cst;
612 3878 667 3926 Lu·
700 3876 771 3929 bros.
782 3875 821 3945 (l)
832 3878 1249 3945 devirgiu.l,1:Natab'sastrm·

113 3955 176 4000 crct.
185 3948 230 4007 ΙΙΙ,
242 3945 305 3997 aot:
319 3958 485 3994 cumscmmo
494 3942 579 4008 gelida·
587 3945 669 3994 orabat
699 3950 758 3996 otoo
766 3947 887 4011 Agnetis.
906 3974 940 3988 »-
954 3948 1016 4002 2⁰1.
1025 3948 1179 4013 Coruum]
1189 3950 1250 4001 Sco·

113 4031 226 4081 aequm-c
235 4015 344 4063 soai.-
355 4011 415 4062 tto.
424 4009 575 4076 Natalemq.
586 4012 666 4074 diem]
701 4015 948 4071 teutiazbiscrimen
963 4028 1014 4065 nou
1028 4024 1068 4067 est
1077 4017 1146 4069 inter
1155 4018 1250 4084 plebem

112 4084 205 4133 Petrus
214 4079 362 4147 Cbrpsolog.
376 4079 527 4132 sermm:
542 4078 667 4132 Natalem
701 4088 725 4134 el
735 4095 860 4146 proceres,
871 4083 1135 4151 utriquepbalangem
1144 4086 1251 4139 effluunt

112 4153 262 4200 sauctorum
271 4163 330 4197 natm
339 4146 450 4209 cuditis,
463 4149 605 4209 ramestani,
621 4165 667 4199 no·
701 4163 729 4199 uc
740 4155 811 4199 scuto
821 4150 935 4214 aequalia
945 4158 1045 4216 gerunt,
1061 4167 1122 4204 cum
1133 4153 1197 4206 lidos
1206 4155 1250 4204 im·

114 4219 261 4282 litcputarc
271 4216 345 4264 illum
354 4215 417 4276 dici,
427 4219 668 4281 quonoscamtnm'n
700 4215 780 4283 pellit.
799 4217 851 4267 Eos
865 4219 933 4268 enim
949 4219 1043 4271 milites
1057 4217 1159 4273 tantum
1175 4220 1249 4274 sculi!

114 4291 213 4336 terram
221 4282 402 4342 dcccdrnmsed
406 4283 437 4331 de
443 4286 547 4334 romain
554 4285 664 4345 caeliam,
701 4290 812 4335 annulos
822 4285 917 4348 luisse,
934 4288 978 4352 qul
992 4287 1147 4356 pbalangem
1160 4288 1250 4343 lorm-

63 4414 69 4420 ι
114 4349 667 4418 delaboracdrcquiam‚dctemptalionibus
701 4351 775 4416 baut,
787 4360 896 4406 constat.

114 4421 151 4472 ud
158 4421 283 4488 postetam,
299 4416 506 4470 discruciatibus
515 4420 551 4472 ad
558 4421 667 4497 dedicius
