2744 4852
532 174 541 180 “
568 184 752 266 Apotheosis.

260 350 326 415 Esr
344 371 453 436 operae
470 352 597 437 pretium
614 353 752 419 nebulosi
766 324 916 436 deputatis
934 353 1068 427 umbrans

176 437 328 516 Prodere,
348 457 437 520 quam
455 447 562 501 tennes
578 439 671 501 atomi
688 459 823 523 conpage
839 438 954 503 minuta

174 523 357 586 Instituunt:
376 522 430 586 sed
447 524 633 586 cassa.cadit
649 530 798 606 ventoque
815 522 953 606 liquescit

174 606 347 684 Adsimilis,
367 607 451 669 lluxu
468 628 525 671 nec
541 627 576 671 se
592 618 743 672 sustentat
758 607 851 673 inani.

175 693 317 769 Aeriam,
337 688 534 756 Manichaeds
550 692 609 767 ait,
628 692 696 757 sine
714 713 841 775 conpore
857 713 933 758 vero
1028 760 1031 764 ,

173 776 378 841 Pervelitasse
395 773 510 856 Deum,
528 779 660 841 mendax
676 776 852 861 phantasma
869 799 1032 862 cavamque
1145 818 1148 823 -

175 860 320 945 Corporis
338 861 482 944 effigiem,
500 861 544 925 nil
561 861 775 927 contrectabile
793 861 963 927 habeatem.

173 947 222 1010 Ac
240 949 365 1030 primum
384 956 502 1029 specta,
521 967 563 1011 an
578 947 684 1011 deceat
700 947 859 1030 quidquam
876 947 1046 1013 simulatum

173 1031 347 1114 Adsignare
365 1029 449 1108 Deo,
468 1031 553 1095 euius
570 1052 653 1095 mera
671 1032 769 1114 gloria
787 1031 857 1095 falsi
1145 1102 1148 1106 ,
1184 1051 1234 1102 969
1296 1066 1301 1077 ·

173 1117 227 1181 Nil
244 1115 362 1199 recipit.
408 1114 554 1180 Membris
572 1116 620 1180 hic
638 1136 672 1180 se
690 1116 845 1179 fallacibus
862 1122 969 1199 aptans
1105 1188 1110 1193 ¹

173 1200 320 1284 Fingeret
338 1221 405 1264 esse
422 1201 587 1281 hominem,
606 1210 734 1265 ventosa
750 1200 892 1265 subdolus
911 1204 996 1266 arte?

172 1284 321 1350 Mentitus
341 1285 466 1363 totiens,
487 1307 553 1348 eum
572 1286 701 1349 diceret:
721 1285 900 1349 inveteratis

174 1369 223 1434 llo
241 1369 359 1433 veniam
377 1370 506 1447 morbis,
525 1371 614 1434 simul
631 1380 662 1434 et
679 1381 802 1455 peccata
819 1371 951 1434 remitto.
968 1386 972 1393 '

175 1453 270 1518 Filius
288 1465 335 1518 est
352 1454 495 1533 hominis,
515 1465 626 1538 pestem
644 1456 695 1538 qui
711 1455 821 1538 pellere
840 1455 940 1521 carnis
1184 1477 1233 1527 aas

174 1538 217 1602 Et
233 1540 378 1602 scelerum
397 1560 495 1603 uenus
512 1539 619 1603 laxare
636 1559 673 1602 ac
692 1539 812 1604 solvere
828 1541 933 1622 pessit
1049 1571 1053 1577 ·

175 1622 276 1707 Surge¹
291 1624 412 1703 valeus,
432 1644 524 1707 surge
541 1625 706 1701 innocuus,
725 1625 785 1688 iam
803 1624 874 1687 tolle
892 1623 1063 1708 grabatum:

175 1707 269 1772 Fihus
288 1709 344 1772 bec
363 1709 490 1773 hominis
507 1708 611 1788 iubeo,
631 1709 780 1793 dignusne
797 1708 931 1786 videtur,

176 1793 234 1876 Qui
253 1795 338 1858 testis
358 1794 415 1857 sibi
432 1794 473 1859 sit
490 1814 581 1877 seque
599 1814 635 1857 aa
652 1815 711 1857 sua
728 1814 839 1857 carnea
856 1795 975 1865 ueriti¹

175 1879 272 1962 Quid?
290 1901 356 1942 cnm
373 1878 548 1964 discipules,
566 1879 695 1943 bominis
713 1880 783 1962 quid
799 1879 878 1943 filius
895 1889 977 1943 esset
1182 1897 1232 1951 979

174 1963 340 2040 Passurus,
360 1964 418 2028 fido
435 1962 494 2029 iam
512 1965 666 2048 praescius
685 1985 737 2029 ore
755 1963 910 2043 mouebat,
1130 1988 1134 1993 ·

173 2047 285 2125 Nonne
303 2049 468 2128 fatebatur,
488 2070 523 2113 se
541 2070 608 2113 cum
625 2050 737 2115 virtute
755 2060 879 2133 paterna

174 2132 252 2199 Esse
271 2134 418 2197 homiuem
436 2137 562 2198 verum?
578 2135 657 2217 quod
674 2135 701 2197 si
719 2156 779 2197 uon
798 2136 903 2209 credo,
923 2134 1038 2200 lelellit.

260 2218 295 2282 Si
312 2229 421 2281 natura
438 2217 499 2283 Dei
515 2240 592 2302 quae
609 2220 667 2299 sit,
684 2217 881 2295 Mauichaee,
900 2220 1046 2304 requiriS,
1071 2238 1079 2261 ¹·

174 2302 272 2368 Omne
290 2304 366 2386 quod
386 2314 449 2383 est,
467 2325 573 2368 verum
590 2315 649 2368 est:
669 2325 738 2367 nam
755 2305 787 2368 si·
800 2306 960 2369 mendosus
979 2306 1043 2390 agit
1059 2305 1144 2388 quid,
1182 2321 1231 2373 975

173 2387 240 2452 Nec
257 2386 342 2451 Deus
360 2399 420 2451 est:
438 2390 576 2452 mendum
594 2389 712 2452 diuinus
731 2410 791 2457 nou
809 2389 889 2473 capit
906 2411 987 2453 usus

174 2471 279 2538 Obicis
296 2483 421 2536 aeterne
438 2471 586 2552 Domino,
605 2475 684 2557 quod
701 2473 833 2537 lubricus
851 2474 888 2537 ad
907 2494 963 2537 uos

175 2557 302 2622 Venerit
319 2557 502 2622 adsimulans
520 2558 615 2637 aliud,
634 2578 720 2642 quam
740 2579 832 2623 verus
849 2557 986 2621 babebat.

174 2640 355 2706 Obmutescc
372 2644 472 2717 furer,
491 2642 642 2726 linguam,
661 2643 744 2707 cauis
762 2643 902 2726 inprobe,
921 2642 1024 2707 morde

173 2723 241 2810 lpse
259 2737 341 2789 tuam
359 2727 458 2790 lacero
477 2748 656 2791 consumens
673 2728 767 2792 verba
785 2728 895 2810 palato.
1183 2743 1234 2797 999
1312 2806 1317 2811 ¹

172 2811 315 2875 Latranti
332 2811 451 2875 obsistit
466 2810 620 2877 Mattheus
637 2811 809 2895 rabiemque
826 2810 954 2890 rclellit,

173 2895 234 3045 gui
252 2906 338 2959 notat
355 2917 441 2959 omne
459 2917 556 2980 geum
574 2896 704 2961 carnalis
721 2894 825 2978 stirpis
843 2895 975 2978 adusque

202 3001 360 3064 orporeum
379 2978 549 3060 Christum,
566 3002 621 3066 per
637 3002 695 3045 sex
711 2991 835 3064 septena
852 2980 987 3044 virorum
1073 2982 1076 2987 '

174 3063 308 3129 Nomina
325 3066 508 3131 descendeus
525 3076 557 3130 et
575 3085 680 3130 venam
698 3064 855 3147 sanguinis
873 3064 928 3127 alti

173 3148 227 3213 Ex
243 3149 341 3213 atavis
359 3150 450 3232 lengo
467 3160 577 3215 texens
594 3170 648 3230 per
664 3159 821 3213 stemmata
838 3148 899 3211 filo.
1184 3163 1234 3215 989

175 3233 326 3319 Septimus
344 3234 518 3299 hebdomadi
534 3233 619 3299 veuit
636 3233 836 3315 superaddere
853 3241 961 3297 sextae
1009 3256 1012 3260 ·

175 3317 265 3382 lluuc
283 3339 438 3383 nnmerum
456 3316 614 3397 Christus,
633 3317 779 3402 placidum
798 3317 849 3399 qui
867 3316 987 3381 conbeit
1002 3336 1125 3393 aunum,

176 3400 293 3468 Cuncta
310 3403 527 3478 remittentem,
547 3403 751 3468 contractibus
768 3402 940 3485 inlaqueata

172 3485 360 3552 Multimodis
378 3487 584 3573 hominemque
601 3487 729 3553 hominis
748 3488 784 3551 de
801 3498 899 3551 morte
916 3487 1078 3553 levantem.
1095 3526 1098 3533 ·

172 3571 361 3658 Inperfectus
379 3572 459 3637 enim
475 3573 564 3637 limus
581 3572 717 3637 mortalis
735 3582 803 3635 erat
818 3582 904 3635 tunc:
1182 3585 1232 3639 999

173 3656 232 3723 Vir
249 3658 331 3721 solus
350 3659 499 3742 perfectus
517 3658 603 3722 adest
619 3666 708 3739 atque
725 3654 845 3739 integer
861 3655 965 3737 Iesus,
1069 3690 1077 3699 ·

124 3774 183 3829 962.
193 3775 373 3827 ealltdnsartc
382 3777 448 3826 11-
457 3776 517 3828 966.
528 3778 556 3826 91
564 3789 589 3826 m
599 3772 662 3826 ald.
673 3773 729 3826 Gis.
740 3803 774 3812 —
788 3773 847 3826 967.
858 3770 1056 3840 99969119-
1069 3769 1127 3822 976.
1137 3768 1190 3833 Qui
1197 3766 1232 3820 Aa
1318 3812 1332 3829 ,

96 3842 302 3907 9999119199,
314 3841 505 3910 9911991991.
518 3871 554 3882 —
567 3842 701 3897 9799191.
712 3843 858 3911 mrpemalt
870 3872 905 3882 -
918 3842 978 3893 971.
988 3838 1139 3890 6199196999·
1146 3838 1235 3901 reqat·

95 3912 196 3965 mana
204 3943 241 3955 -
249 3912 310 3964 977.
322 3910 441 3963 obtuta
449 3941 484 3951 -
494 3910 554 3962 979.
567 3911 715 3962 oenomao
723 3913 761 3963 119
771 3904 880 3977 (11111)
892 3937 923 3946 -
932 3910 992 3961 981.
1003 3904 1154 3958 9691919191
1162 3903 1234 3957 sich.
1317 3909 1323 3915 '

95 3976 165 4031 aaa
176 3978 328 4031 Matthaeus
336 3978 397 4031 ald.
409 3976 974 4043 caammeot.[metrosuvsrs.‚11.tus.]-
986 3973 1047 4027 686.
1057 3970 1235 4025 hebdomadae

94 4045 213 4103 awuu.
223 4047 385 4100 sa-ssr.
391 4046 594 4115 9199119999-
640 4050 643 4057 '
950 4060 953 4065 -
1076 4058 1080 4066 ·

95 4147 136 4211 lll,
150 4149 195 4203 19.
207 4148 341 4201 etheod.
357 4147 438 4201 labnl.
452 4148 548 4201 haeret.
558 4148 590 4210 V,
603 4148 645 4204 19.
683 4143 888 4211 19999-986.
894 4142 1018 4208 Septim]
1027 4141 1198 4204 91999117.
1204 4144 1234 4193 ln

95 4217 328 4283 appellabamus
345 4217 470 4269 Cassiano
492 4217 647 4269 mustitntos
680 4227 741 4277 sqq.
748 4217 821 4276 poeta
827 4209 1235 4277 stludttadsnnauniubitaei(t.e·

96 4285 227 4350 99196991,
242 4284 292 4338 sed
304 4285 347 4338 vd.
357 4284 481 4352 Augusti.
497 4285 650 4348 ,11999999-
683 4276 1234 4346 9919991999),9999999999-

98 4353 258 4416 9999919619“
271 4353 298 4421 §.
309 4355 352 4408 at.
364 4379 406 4411 ..-
423 4351 484 4405 968.
498 4350 590 4407 uua.
599 4350 647 4413 11,
684 4362 747 4401 unm
758 4347 869 4414 peccatis
877 4348 978 4403 renum
988 4347 1043 4405 dari
1049 4346 1186 4401 existimat.
