2744 4852
477 286 637 367 Peristepb.
656 286 733 347 XlV.

243 454 311 520 Nee
329 475 389 518 non
407 464 438 518 et
455 454 536 538 ipsos
554 455 686 540 protegit
703 454 834 519 advenas

244 540 326 604 Puro
345 561 380 603 ac
398 540 476 603 lideli
494 551 615 625 pectore
633 539 792 624 supplices.

245 624 367 710 Duplex
387 645 499 688 corona
517 636 563 688 est
580 627 724 709 praestita
747 621 890 708 martyri,

244 709 394 774 intactum
412 710 449 772 ab
468 711 548 772 omni
567 711 690 773 crimine
708 709 856 794 virginal,

245 794 356 858 Mortis
375 795 481 859 deinde
500 795 597 879 gloria
614 795 739 858 liberae.

244 880 341 943 Aiunt
358 881 452 964 iugali
470 881 526 943 vix
544 880 669 943 habilem
689 891 757 942 toro

243 963 354 1028 Primis
372 966 403 1028 in
422 965 509 1028 annis
528 966 606 1028 sorte
624 965 783 1048 puellulam

245 1048 368 1113 Christo
387 1051 533 1113 calentem
553 1051 672 1113 fortiter
689 1049 778 1133 inpiis

243 1133 339 1197 lassis
357 1135 505 1212 renisam,
525 1156 583 1218 quo
601 1136 699 1197 minus
717 1133 805 1196 idolis

242 1219 372 1282 Addicto
389 1240 506 1283 sacram
525 1221 679 1283 desereret
697 1220 791 1282 iidem.

243 1304 402 1389 Temptata
419 1305 520 1368 multis
539 1326 606 1367 nam
626 1305 708 1389 prius
728 1303 857 1375 artibus,

242 1387 334 1453 Nunc
351 1410 403 1452 ure
422 1390 521 1453 blondi
539 1391 645 1453 iudicis
663 1389 769 1468 inlice,

243 1472 334 1538 Nunc
352 1475 515 1538 saevientis
535 1476 684 1537 carnificis
703 1474 791 1537 minis

245 1555 352 1623 Stabat
370 1559 463 1622 feroci
481 1559 590 1622 robore
608 1563 749 1643 pertinax

246 1641 421 1728 Corpusque
439 1643 521 1707 duris
540 1644 763 1707 excruciatibus

244 1727 331 1792 Ultro
350 1729 516 1803 referebat,
536 1749 595 1791 nou
613 1749 745 1805 renuens
763 1728 851 1790 mori.

244 1813 321 1877 Tum
341 1824 414 1877 trux
431 1825 594 1901 tyrannus:
616 1814 678 1893 „Si
696 1813 783 1876 facile
801 1818 874 1877 est“
899 1813 941 1875 ait

246 1897 404 1978 „Poenam
423 1900 555 1962 subactis
574 1901 654 1963 ferre
672 1898 840 1974 doloribus,

246 1983 314 2063 „lit
331 1985 393 2048 vita
410 1985 480 2048 vilis
498 1985 663 2068 spernitur:
682 1995 714 2046 at
732 1985 827 2068 pudor

247 2067 373 2148 „Carus
393 2070 507 2132 dicatae
524 2069 708 2154 virginitatis
725 2080 783 2132 est.

246 2152 362 2232 „Hanc
379 2156 410 2216 in
428 2155 555 2238 lupanar
572 2156 693 2218 trudere
711 2154 859 2238 publicum

248 2236 398 2318 „Certum
417 2249 479 2317 est,
499 2240 536 2302 ad
555 2260 637 2303 aram
658 2241 688 2302 ni
707 2250 795 2323 caput
812 2238 940 2322 adplicat

247 2324 321 2402 „Ac
339 2325 375 2386 de
392 2322 534 2386 Minerva
551 2325 610 2387 iam
629 2325 747 2389 veniam
766 2334 869 2408 rogat,

247 2407 371 2489 „Quam
390 2409 479 2490 virgo
496 2410 596 2493 pergit
612 2420 746 2473 temnere
763 2409 924 2492 virginem.

249 2491 382 2572 „Omnis
400 2493 540 2557 iuventus
558 2495 652 2557 inruit
672 2505 702 2558 et
720 2516 830 2556 novum

248 2577 486 2657 „Ludibriorum
505 2579 683 2663 mancipium
701 2580 811 2663 petit.“

247 2662 390 2742 „Haud“
409 2663 505 2746 inquit
523 2665 629 2747 Agnes
649 2665 823 2744 „inmemor
840 2674 886 2726 est
904 2664 945 2727 ita

248 2745 415 2827 „Christus
433 2769 570 2825 suorum,
590 2751 695 2832 perdat
712 2760 745 2811 ut
762 2769 885 2811 aureum

248 2832 371 2912 „Nobis
389 2833 547 2917 pudorem,
567 2854 623 2897 nos
642 2854 757 2917 quoque
777 2833 911 2894 deserat:

249 2916 404 2997 „Praesto
422 2929 469 2980 est
486 2917 616 3002 pudicis,
637 2939 692 2981 nec
710 2917 822 3001 patitur
839 2938 945 2981 sac-rac

249 3000 464 3086 „integritatis
482 3023 607 3066 munera
624 3004 727 3088 pollui.

247 3086 401 3166 „Ferrum
420 3087 547 3171 inpiabis
565 3089 728 3171 sauguine,
749 3087 775 3150 si
793 3087 892 3166 voles,

249 3171 345 3251 „Non
365 3172 534 3255 inquinabis
552 3174 684 3235 membra
702 3173 863 3235 libitliue.“

248 3255 300 3321 Sic
317 3257 464 3320 elocutam
483 3258 639 3342 publicitus
656 3259 740 3320 iubet

247 3340 346 3405 Flexu
362 3343 394 3404 in
412 3343 528 3426 plateae
546 3343 654 3407 sistere
671 3342 830 3427 virginem.

247 3425 383 3491 Stantem
403 3429 516 3510 refugit
533 3440 647 3492 maesta
666 3429 849 3511 frequentia,

246 3512 367 3576 Aversa
385 3513 501 3591 vultus,
521 3535 558 3577 nc
576 3515 756 3598 petulantius

247 3594 413 3680 Quisquam
431 3601 596 3663 verendum
613 3600 800 3683 conspiceret
816 3599 925 3669 locum.

245 3681 380 3745 Intendit
396 3705 473 3747 unus
493 3685 570 3746 forte
588 3685 755 3768 procaciter

247 3764 292 3831 Os
310 3767 341 3830 iu
360 3768 503 3851 puellam,
522 3789 578 3831 nec
596 3769 724 3853 trepidat
741 3789 859 3832 sacram

83 3882 350 3951 appelleon-13.
359 3886 606 3940 recinomtA-lb.
618 3884 1089 3953 ttondolt-acmdptteemoogetlt
1098 3883 1173 3949 Febr.

78 3987 102 4015 ι,
113 3952 400 4019 adplicat...rogntAT
409 3961 497 4006 etc.-
506 3955 549 4010 29.
560 3957 655 4018 temate]
665 3956 769 4008 AEPW
777 3955 850 4017 Ald„
862 3952 1172 4020 contatttbpctsnvmn.

82 4059 90 4084 ‚
100 4022 386 4088 inntet...pctelAltin.
396 4024 488 4073 Heius.
498 4052 532 4062 -
542 4025 584 4075 30.
593 4029 673 4089 petit]
684 4023 793 4084 wald„
801 4028 876 4090 petet
885 4024 959 4083 ΕΔΡ,
968 4023 1076 4087 palatii
1086 4029 1175 4072 etc.-

85 4089 315 4142 iubentbmbr.-
325 4091 367 4142 39.
378 4091 468 4141 Flacca
477 4106 491 4142 e
501 4091 720 4145 codd.l.eodiens.
731 4092 910 4158 leg.Burman.
920 4089 1173 4157 adelautipltlll·¹

78 4172 134 4208 mata
144 4171 199 4223 mq,
205 4159 312 4226 plateas
320 4159 383 4210 Alc.
393 4187 427 4198 -
435 4160 479 4211 41.
494 4159 607 4211 Adversa
615 4159 699 4212 unae
709 4187 743 4198 -

78 4257 94 4310 ¹.
112 4258 221 4324 Duplex
237 4266 306 4324 com]
325 4261 365 4312 ct.
383 4260 425 4312 ad.
444 4275 468 4313 v.
482 4260 540 4315 127.
554 4292 588 4303 —
621 4260 677 4329 F.):
696 4261 729 4312 B.
738 4266 842 4328 martyr
849 4261 939 4326 Agnes
951 4266 978 4312 et
991 4265 1105 4312 aetatem
1114 4263 1178 4310 vicit

93 4327 179 4377 Prim.
194 4329 222 4377 in
235 4334 310 4391 anm]
324 4328 447 4380 imbros.
458 4328 477 4380 l.
488 4329 588 4380 illaec
622 4335 649 4381 et
657 4335 798 4396 tyrannum
811 4335 838 4380 et
852 4331 959 4383 titulum
967 4332 1177 4382 eastitntiamar=

78 4394 160 4445 lecim
177 4411 305 4448 annorum
320 4398 587 4464 martyriumsecicee
622 4400 693 4467 tpaa‘o
702 4401 872 4452 consecravit.

78 4462 160 4516 ditur.
179 4464 287 4518 Hieron.
306 4480 348 4534 ep.
362 4468 432 4518 Vlll.
451 4465 487 4536 (1.
503 4480 529 4532 p.
545 4466 588 4518 at.
