2744 4852
448 346 454 353 .
474 263 631 343 Peristepb.
650 262 687 321 X.

269 429 436 504 „Functum
454 429 560 494 deinde
578 452 643 494 cum
660 429 781 514 reliquit
797 429 920 515 spiritus

186 513 246 591 „Et
263 516 300 577 ad
318 515 485 599 sepulcrum
504 536 610 600 pompa
628 517 725 579 fertur
743 515 873 588 funeris,

185 597 311 675 „Partes
329 621 383 683 per
399 602 479 683 ipsas
497 600 699 684 inprimuntur
714 601 871 676 bracteae,

186 684 338 767 „insignis
357 685 423 748 auri
440 684 550 747 lamina
569 686 689 747 obducit
705 696 820 765 cutem,

185 769 333 854 „Tegitnr
349 769 486 845 metallo,
505 770 583 852 quod
601 781 753 855 perustum
771 781 819 833 est
834 769 965 854 ignibus.

271 854 356 930 „Has
375 856 456 917 ferre
473 875 585 938 paenas
603 855 721 937 cogitur
739 855 909 939 gentilitas,

186 939 273 1015 „Hac
292 940 320 1001 di
338 951 479 1002 coercent
496 940 562 1021 lege
581 940 711 1003 cultores
729 961 816 1003 suos:

187 1023 258 1100 „Sic
277 1025 402 1087 daemon
420 1025 483 1107 ipse
501 1025 576 1087 ludit
593 1025 662 1096 bos,
679 1046 754 1107 quos
773 1025 900 1109 ceperit,

186 1107 303 1184 „Docet
320 1110 507 1172 execrandas
526 1112 607 1173 ferre
625 1109 838 1185 contumelias,

186 1193 370 1269 „Tormenta
387 1194 467 1257 inuri
485 1196 606 1257 mandat
622 1195 803 1257 infelicibus.

271 1279 334 1354 „At
352 1290 455 1341 noster
471 1279 529 1342 iste
546 1279 670 1362 sanguis
689 1301 729 1342 ex
748 1279 932 1343 vestra'fluit
1020 1344 1027 1365 ι

186 1361 406 1441 „Crudelitate,
425 1384 480 1427 vos
498 1365 657 1450 tyrannide
675 1364 755 1447 inpia

186 1446 399 1524 „Exulceratis
418 1449 610 1511 innocentum
628 1465 766 1533 corpora.

187 1531 241 1615 „Si
259 1554 313 1596 vos
333 1533 453 1606 sinatis,
474 1533 631 1596 incruente
648 1533 791 1597 vivimus:

169 1617 249 1693 ,At
266 1618 292 1680 si
311 1628 434 1681 cruente
451 1618 624 1701 puniamur,
644 1617 802 1681 vincimus.

272 1701 352 1778 „Sed
369 1703 428 1764 iam
446 1703 556 1780 silebo,
577 1703 644 1765 finis
662 1702 757 1775 instat
774 1701 906 1778 debitus,
932 1755 937 1771 ,

186 1785 290 1863 „Finis
309 1787 470 1865 malorum,
489 1787 637 1871 passionis
656 1787 767 1870 gloria:

187 1872 270 1948 „Iam
289 1893 350 1934 non
368 1872 468 1935 licebit
484 1872 623 1956 inprobe,
641 1882 675 1935 ut
691 1871 775 1935 licuit
792 1871 895 1946 modo,

187 1956 363 2039 „Torquerc
381 1968 485 2022 nostra
502 1957 551 2022 vel
570 1977 674 2020 scoare
690 1957 825 2022 viscera:

186 2038 305 2118 „Cedas
324 2062 447 2105 necesse
466 2053 513 2104 est
529 2042 626 2105 victus
646 2051 676 2103 et
692 2042 750 2104 iam
771 2040 901 2103 desinas.

271 2124 435 2202 „Cessabit
449 2127 582 2210 equidem
602 2136 700 2190 tortor
717 2137 748 2188 et
764 2136 864 2189 sector
881 2124 1002 2205 debinc3

187 2209 305 2287 „Iudex
322 2212 468 2290 minatur,
488 2212 539 2274 sed
558 2211 752 2296 peremptoris
770 2230 877 2274 manus

188 2294 347 2372 „Succedit
364 2296 423 2358 illis
442 2296 660 2380 strangulatrix
681 2296 826 2373 faucium,

188 2381 307 2457 „Aliter
324 2381 414 2444 silere
432 2381 529 2444 nescit
547 2386 607 2443 oris
626 2380 741 2464 garruli

187 2464 279 2542 „Vox
297 2465 446 2547 inquieta,
466 2486 553 2548 quam
572 2466 670 2544 tubam
690 2467 716 2528 si
735 2466 889 2548 fregero.“

270 2549 361 2613 Dixit
379 2552 503 2634 foroque
522 2550 654 2634 protrahi
671 2551 760 2613 iussit
776 2550 891 2629 virum,
944 2598 947 2603 ,

187 2634 284 2698 'frudi
301 2635 332 2696 in
350 2635 490 2698 tenebras
509 2635 640 2698 noxialis
659 2636 802 2699 carceris.

106 2725 113 2741 “
187 2718 281 2783 Elidit
297 2719 358 2783 illic
377 2721 447 2782 lune
465 2720 572 2783 collum
592 2721 733 2805 martyris

187 2803 293 2868 Lictor
311 2805 466 2868 nefandus.
510 2802 561 2868 Sic
578 2816 698 2888 peracta
718 2814 764 2867 est
781 2802 895 2886 passio:

189 2890 299 2953 Anima
317 2890 453 2953 absoluta
471 2889 599 2953 vinculis
617 2889 731 2952 caelum
750 2887 832 2972 petit.
852 2898 855 2903 “

275 2972 369 3038 Gesta
386 2975 541 3038 intimasse
560 2985 666 3037 cuncta
685 2975 781 3036 fertur
799 2972 925 3058 principi

187 3056 364 3123 Praefectus
383 3060 494 3122 addens
512 3059 646 3122 ordinem
664 3058 863 3132 voluminum,

157 3210 160 3217 .
188 3141 364 3227 Seriemque
380 3154 483 3207 tantae
501 3144 641 3226 digerens
659 3143 842 3225 tragoediae.

100 3288 104 3295 .
187 3227 357 3306 Laetatus',
369 3250 457 3292 omne
475 3228 587 3292 crimen
605 3228 636 3290 io
656 3229 753 3291 fasces
771 3228 866 3290 refert
900 3254 903 3259 ·

189 3311 282 3379 Suum
300 3324 448 3400 tyrannus
467 3314 610 3377 chartulis
628 3313 793 3389 vivacibus.

273 3396 344 3462 Illas
363 3399 414 3461 sed
433 3409 517 3462 aetas
536 3398 655 3462 conficit
672 3398 801 3477 diutina,

189 3481 296 3566 Fuligo
316 3485 428 3558 fuscat,
448 3483 545 3568 pulvis
564 3483 684 3547 obducit
701 3484 776 3557 situ,

189 3565 296 3652 Carpit
312 3579 468 3645 senectus,
488 3578 541 3631 aut
557 3569 653 3631 ruinis
672 3568 788 3647 obruit3

187 3652 337 3737 Inscripta
356 3644 478 3718 Cbristo
497 3653 604 3736 pagina
622 3653 791 3716 inmortalis
809 3663 871 3727 cst,

188 3736 256 3802 Nec
274 3738 435 3801 obsolescit
452 3736 529 3800 ullus
548 3738 579 3800 iu
599 3738 689 3801 caelis
708 3759 796 3821 apex.

231 3887 236 3896 ,
274 3821 405 3906 Excepit
423 3823 543 3886 adstans
561 3823 687 3906 angelus
705 3842 805 3884 coram
824 3820 906 3899 Deo,

189 3905 231 3970 Et
248 3928 323 3990 quae
340 3909 457 3970 locutus
476 3919 592 3992 martyr
610 3919 640 3970 et
658 3927 732 3989 quae
751 3906 884 3989 pertulit:

189 3990 256 4055 Ncc
275 3992 367 4056 verba
381 3993 479 4055 solum
500 3992 675 4055 disserentis
694 3991 839 4068 condidit,

72 4175 241 4213 cccccccccc.
250 4163 289 4214 vel
298 4163 394 4214 boacca
406 4164 445 4213 sic
457 4179 526 4213 sacr.
542 4162 610 4213 coni.
620 4161 712 4212 Helos.
725 4158 815 4222 [bene]
833 4187 868 4199 -
886 4158 962 4211 loct.
980 4141 1107 4224 relinquit
1116 4158 1161 4209 ott

72 4265 80 4281 .
98 4256 134 4267 -
152 4230 228 4283 loct.
238 4233 366 4282 vincimur
374 4233 398 4282 tt
415 4259 448 4268 -
467 4231 543 4283 1100.
558 4230 681 4281 desinare
698 4257 733 4268 -
752 4228 828 4291 1103.
842 4227 970 4289 succedit]
982 4226 1055 4279 ΔΕΗ
1066 4225 1159 4277 Δπὼτ.

72 4297 188 4361 ‚Pom
198 4299 323 4351 succedat
331 4300 416 4364 0qu
421 4336 430 4364 ‚
445 4297 650 4349 macedonum:
670 4297 789 4347 ttttuttt
804 4323 836 4333 -
856 4295 1089 4360 llll.susccsAR
1096 4292 1158 4344 tto.

72 4364 140 4426 Aa,
150 4367 243 4486 ⁸pastos
252 4368 320 4418 coni.
331 4366 427 4420 Caucb.
437 4367 530 4420 Heius.
540 4396 571 4405 -
583 4365 659 4418 1117.
675 4364 751 4429 illigo
761 4363 841 4417 Tabuit
851 4366 909 4418 bat.
921 4363 1017 4418 Caucb.
1027 4364 1160 4420 Waltz.-

72 4436 97 4488 d.
108 4435 157 4486 odo
168 4435 305 4488 esoetbld.
316 4465 348 4476 -
