2744 4852
512 255 585 316 Aur.
603 255 751 335 Prudentii
768 256 857 320 (ilem.

385 424 493 507 Longe
511 425 564 488 sed
582 435 667 488 artus
685 423 861 509 praevolant

385 509 518 572 Telluris
536 510 572 572 ad
591 509 710 573 mollem
730 509 839 573 sinum.
873 559 878 568 .

454 593 543 657 Prius
561 594 674 656 relatos
692 593 818 676 denique
856 614 858 619 ’

270 722 279 730 -
388 677 505 742 Humus
523 678 623 762 quieta
641 678 778 762 suscipit,

387 763 484 845 Quam
503 763 587 848 pulsa
600 763 729 826 summis
747 761 863 825 nisibus

391 847 506 914 Carina
521 858 641 931 portum
660 857 810 930 tangeret.

455 930 546 996 Felix
562 932 685 1012 amoeni¹
699 931 808 994 littoris

386 1015 539 1081 Recessus
557 1017 625 1096 ille,
645 1016 696 1099 qui
712 1032 800 1079 sarra

386 1100 507 1166 Fovens
527 1103 627 1164 arenis
645 1102 764 1165 viscera

322 1247 326 1251 .
387 1184 491 1248 Vioem
511 1185 640 1268 sepulcri
657 1184 809 1267 praebuit:
935 1252 938 1259 .

453 1267 532 1331 Dum
545 1290 625 1331 eura
641 1279 815 1332 sanatorum
834 1268 881 1352 pia

388 1350 512 1417 Deflens
531 1353 659 1415 adornet
675 1368 836 1436 aggerem,

292 1461 297 1466 ·
320 1438 324 1442 ’
390 1436 578 1519 'lbrmuloque
595 1457 703 1520 eorpus
721 1437 866 1498 creditum

392 1521 481 1584 Vitae
499 1519 638 1585 reservat
654 1530 806 1603 posterae.

457 1603 517 1670 Sed
535 1626 607 1668 mox
626 1604 758 1668 subantis
777 1603 928 1677 hostibus,
996 1646 1002 1650 -

390 1688 453 1752 lem
472 1710 545 1774 paee
562 1690 650 1752 iustis
666 1689 800 1768 reddita,

286 1831 288 1837 ,
391 1775 482 1837 Alter
499 1773 628 1857 quietem
646 1774 774 1837 debitam

392 1858 534 1922 Praestat
551 1857 646 1922 beatis
665 1858 795 1921 ossibus.

459 1941 602 2007 Subiecta
619 1962 688 2005 nam
704 1941 846 2005 sacrario

391 2027 545 2109 lmamque
562 2027 598 2090 ad
618 2047 702 2090 aram
721 2027 856 2100 condita,

394 2110 544 2176 Caelestis
562 2132 666 2174 auram
681 2111 818 2174 muneris

386 2195 521 2259 *Perfusa
539 2195 644 2258 subter
661 2196 814 2258 hauriunt.

460 2278 512 2344 Sia
530 2299 652 2363 oorpnst
671 2289 719 2341 ast
734 2279 831 2362 ipsum
850 2275 909 2340 Dei

392 2361 487 2429 Sedes
505 2375 657 2448 receptum
676 2363 826 2442 eontinet,

287 2483 291 2499 ·
396 2447 473 2514 Cum
487 2447 680 2512 Maccabaeis
693 2447 842 2511 iratribus

396 2532 545 2617 Seotoqua
563 2532 675 2596 Esaiae
692 2532 873 2616 proximum.
938 2565 940 2569 <

462 2615 598 2701 Simplex
616 2618 669 2679 sed
685 2616 746 2679 illis
763 2615 916 2698 contigit'

394 2698 518 2764 Corona
536 2721 714 2784 paenarum,
735 2699 841 2784 quibus

396 2784 503 2848 Finem
520 2785 667 2849 malorum
684 2784 836 2870 praestitit

398 2869 508 2934 Mortis
527 2891 683 2953 supremus
700 2869 829 2933 exitus.'
884 2866 887 2871 ”

434 2959 436 2962 ’
462 2953 541 3036 Quid
558 2953 619 3016 tale
636 2963 737 3016 seotor
754 2973 846 3016 ausus
864 2956 929 3016 est?

397 3036 553 3101 Trunoata
570 3039 712 3120 numquid
729 3037 865 3121 eorporis

397 3120 561 3203 Segmenta
579 3132 646 3206 post
663 3141 779 3186 serram
798 3122 872 3184 ieris

398 3206 518 3272 Obieait
534 3217 587 3269 aut
604 3207 692 3270 undis
710 3206 809 3271 dediti

462 3290 545 3356 Num
562 3289 737 3356 Maeoabaei
754 3291 899 3376 martyris

400 3375 552 3459 Linguam
570 3387 718 3462 tyrannus
736 3379 851 3438 erutam

39 3529 52 3538 ,
128 3477 177 3530 535
399 3459 568 3544 Raptamve
585 3460 690 3543 pellem
708 3458 831 3525 verticis

398 3545 517 3610 Avibus
536 3543 668 3609 eruentis
684 3543 812 3606 obtulit?

162 3679 221 3732 501.
232 3677 336 3730 delatam
345 3677 384 3730 Aa
394 3707 428 3720 —
439 3681 498 3733 506.
508 3679 608 3733 Seoesa.
617 3681 664 3732 ΒΤ
671 3680 764 3733 Heius.
776 3696 805 3719 —·
821 3679 880 3731 5¹1.
892 3678 1030 3745 taamacleaq.
1040 3676 1065 3729 A
1074 3707 1108 3716 -
1117 3677 1176 3732 512.
1185 3687 1254 3729 reter-

126 3750 200 3798 uetR
211 3776 240 3786 ·-
261 3748 320 3799 515.
331 3747 448 3798 debitam
457 3747 480 3797 Δ
489 3747 551 3800 ΔΜ.
562 3777 596 3788 --
615 3749 854 3815 518..1ameamqoo
864 3746 966 3799 adabrn
975 3748 1050 3813 Prag.
1060 3777 1095 3787 -
1113 3747 1172 3801 52⁰.
1182 3745 1255 3796 mean

47 3869 52 3880 ⁸
126 3814 249 3866 TAmbr.
260 3816 353 3867 Heius.
367 3844 402 3857 -
424 3814 484 3869 521.
495 3815 578 3866 HioG
592 3843 622 3854 ·-
643 3819 702 3868 oet.
712 3817 790 3868 Serto
801 3816 861 3868 edd.
871 3823 932 3867 ante
941 3817 1045 3878 weita,
1057 3813 1137 3866 calb:
1155 3807 1257 3866 [sabab

127 3883 170 3935 alii
179 3910 214 3920 -
224 3884 284 3935 533.
296 3883 359 3934 Cum
370 3884 407 3934 G:
417 3882 591 3951 Nambblgi.
600 3912 634 3922 —
645 3885 705 3936 535.
714 3884 793 3953 Hupt.
803 3887 869 3936 R-
878 3884 938 3936 535.
947 3884 1023 3936 Faria
1032 3899 1071 3935 ar.
1080 3884 1105 3935 lt
1114 3911 1148 3920 -

163 4001 685 4067 512.Wtaaresematpost.]arev.allato
719 4001 782 4054 ditio
790 4000 946 4052 ludaeorum
961 4001 1025 4052 satis
1038 4006 1098 4052 noto
1112 4005 1167 4064 est,
1186 3999 1261 4052 oblu-

127 4067 220 4119 vata.
231 4083 346 4134 „eorpus
355 4069 475 4135 posteris,
486 4078 647 4134 posterorum
658 4072 685 4122 in
719 4071 780 4121 stin.
789 4071 867 4122 Mart.
879 4069 940 4121 diat.
951 4083 1010 4120 eum
1021 4068 1115 4134 Trppb.
1126 4069 1222 4133 past.
1230 4062 1262 4118 ed·

128 4133 282 4186 beneficium
291 4141 440 4188 servatum“
451 4137 565 4203 explicat,
577 4139 622 4189 sed
633 4153 686 4190 ma·
719 4137 789 4189 cot:
807 4136 847 4186 Τὰ
856 4138 918 4206 περὶ
929 4137 976 4188 τὸν
986 4135 1107 4187 θάνατον
1114 4135 1233 4201 Ἡσαΐου,
1241 4128 1263 4183 br

128 4201 155 4252 lo
168 4214 228 4250 eum
241 4202 388 4255 Ael.Nebr.
408 4212 556 4266 „servatum
571 4205 602 4256 ad
617 4207 686 4259 diem
720 4206 810 4275 πρὶονι
826 4205 916 4270 ξυλίνῳ
933 4204 1055 4272 inpiam
1073 4207 1126 4257 etei
1140 4203 1233 4256 Ambr.
1244 4201 1265 4250 in

128 4269 232 4330 iudicii,
243 4283 295 4332 quo
304 4284 395 4323 omnes
403 4274 520 4325 revicturi
530 4279 624 4325 sunt.“
635 4304 669 4312 -
719 4275 783 4324 Luo.
793 4275 834 4327 20.
852 4272 1198 4334 flieroo.ioEsai.LV11,1.
1212 4267 1266 4324 t'elb.

165 4337 225 4417 524.
235 4337 346 4397 Esaiae]
357 4340 511 4405 Prophetam
518 4343 624 4394 Esaiam
634 4357 687 4395 ser·
720 4347 746 4394 et
754 4343 865 4393 Biinem.
876 4340 908 4391 ad
917 4343 988 4392 Laut.
999 4339 1267 4404 tarnuanense

131 4420 159 4458 ra
168 4404 252 4471 lignea
262 4418 276 4455 a
285 4405 407 4458 Marassa
422 4415 548 4464 serratum
563 4425 621 4463 esse
634 4417 687 4464 tra·
721 4413 779 4464 aab.
790 4409 832 4464 ud.
843 4409 958 4466 Maccab.
970 4411 1006 4471 ΙΙ,
1018 4407 1042 4459 7.
1051 4428 1096 4448 -·
