2744 4852
126 242 188 308 ’168
528 243 596 301 Aur.
618 241 763 302 Prudentii
782 244 871 303 Clam.

124 428 174 482 295
212 409 322 472 Voti'vo
340 411 376 473 de
394 418 483 494 ponte
500 385 631 493 patrem3
650 411 694 473 elo
712 431 777 474 mos
795 410 852 473 luit
868 409 950 473 olim.

209 493 359 559 Caedibus
377 497 521 557 inlautum
543 496 656 557 fument
673 492 816 559 Saturnia
834 511 950 558 sacra*
1008 509 1012 513 '

208 578 429 663 Flebilibusque
448 589 548 642 truces
565 590 709 642 resonent
725 579 875 662 vagitibus
894 599 981 657 arae,

208 664 277 747 lpsa
293 660 381 727 'casas
401 661 499 745 l'ragrli
512 674 604 749 texat
620 684 696 746 gens
712 662 843 728 Romula
861 665 968 727 culmo.

208 748 260 815 Sic
278 751 400 811 tradunt
418 748 568 812 habitasse
585 747 727 812 Remum:
746 749 860 831 regalia
878 750 947 812 leno

125 850 174 901 300
209 832 320 896 Fulcra
339 843 580 918 supersternant,
599 843 652 896 aut
668 833 744 915 polle
760 832 926 919 Libystidis
944 852 1035 897 ursae

209 914 403 1000 Conpositum
421 919 605 1003 chlamydem
624 918 731 980 villoso
748 939 873 1001 corpore
891 928 1024 1000 gestent:

206 1003 294 1065 Talia
311 1003 485 1066 Trinacrius
503 1005 608 1066 ductor
625 1003 675 1066 rel
688 1001 808 1065 Tuscus
826 1002 985 1066 habebant.

206 1085 305 1151 Roma
323 1087 445 1170 antiqua
463 1087 520 1150 sibi
537 1100 600 1150 non·
616 1097 747 1160 constat,
764 1107 855 1152 versa
873 1101 1066 1170 peraevum,

121 1198 128 1214 ,
207 1170 249 1233 Et
267 1181 380 1233 mutata
397 1172 510 1251 sacris,
530 1182 653 1242 ornatu,
672 1172 805 1254 legibus,
825 1173 933 1235 armis:

123 1273 172 1326 305
206 1253 305 1318 Multa
322 1255 408 1329 colit,
430 1277 506 1338 qnae
524 1276 583 1318 non
602 1256 696 1318 coluit
711 1258 767 1319 sub
785 1278 858 1341 rege
876 1256 1022 1339 Quirinos

207 1340 342 1403 Instituit
359 1342 502 1423 quaedam
521 1340 639 1413 melius,
657 1341 800 1404 nonnulla
818 1344 939 1425 refugit

206 1423 248 1487 Et
265 1446 377 1488 moreau
395 1425 514 1489 variare
531 1439 617 1488 suum
637 1446 697 1487 non
716 1425 829 1488 destitit
846 1437 877 1490 et
894 1446 970 1508 quae

207 1508 328 1573 Pridem
347 1510 521 1573 condiderat
538 1509 619 1584 iura,
640 1509 671 1572 in
689 1511 841 1573 contraria
857 1513 959 1575 vertit

292 1594 371 1677 Quid
390 1595 461 1658 mibi
479 1605 512 1657 to
529 1595 606 1671 ritus
623 1594 744 1668 solitos,
764 1595 901 1659 Romane
918 1607 1054 1671 senator,
1079 1638 1085 1649 »

122 1697 172 1750 310
207 1678 365 1754 Obiectas,
386 1702 452 1743 cum
471 1680 546 1756 scita
564 1690 679 1762 patrum
698 1681 855 1764 populique
872 1683 1048 1763 frequenter

205 1761 360 1827 instabilis
378 1763 477 1848 placiti
495 1763 644 1826 sententia
662 1764 741 1829 doxa
760 1765 899 1828 novarit?

204 1847 295 1911 Nunc
313 1849 402 1912 etiam
421 1849 558 1931 quotiens
576 1848 674 1911 solitis
691 1849 834 1913 decedere
851 1850 988 1938 prodest,

204 1931 448 2015 Praeteritosque
467 1932 584 1997 babitus
603 1933 683 1996 cultu
701 1935 860 2018 dampnare
878 1944 1013 2005 recente,

206 2017 377 2082 Gaudemus
396 2029 568 2101 conpertum
586 2017 696 2100 aliquid
715 2020 889 2102 tandemque
906 2029 1068 2093 retentans,
1179 2062 1185 2074 a

120 2118 170 2170 315
205 2102 292 2183 Quod
310 2103 412 2165 latuit:
433 2103 526 2164 tardis
544 2123 662 2184 semper
678 2104 868 2184 processibus
885 2112 973 2164 aucta

205 2185 324 2249 Crescit
341 2187 406 2250 vita
422 2184 549 2248 bominis
567 2195 598 2248 et
613 2186 705 2268 longo
723 2188 839 2268 prolicit
856 2207 924 2250 usu.

204 2270 255 2333 Sic
273 2271 341 2335 aevi
359 2270 494 2332 mortalis
512 2269 602 2332 babet
618 2290 653 2332 se
669 2270 786 2334 mobilis
805 2272 895 2348 ordo,

88 2370 91 2377 ’
179 2422 184 2432 ,
204 2354 256 2418 Sic
273 2356 371 2419 variat
389 2365 497 2418 natura
514 2354 613 2433 vices,
631 2353 759 2417 infautia
777 2355 871 2439 repit,

203 2438 344 2504 lnlirmus
362 2440 471 2503 titubat
487 2438 571 2523 pueri
589 2460 770 2523 gressusque
788 2441 978 2522 animusque,

18 2583 20 2593 ,
119 2539 168 2595 326
204 2522 359 2608 Sanguine
377 2525 545 2608 praecalido
563 2526 661 2588 fervet
678 2545 808 2589 nervosa
824 2527 962 2599 inuenta,

189 2607 281 2672 -Mox
298 2609 429 2688 stabilita
445 2609 529 2674 venit
545 2608 653 2671 maturi
671 2609 789 2672 roboris
806 2620 906 2687 aetas,

202 2691 316 2757 Ultima
334 2693 465 2756 consiliis
484 2693 604 2767 melior,
621 2694 673 2756 sed
693 2693 806 2756 viribus
824 2714 931 2777 aegra,

204 2776 339 2862 Corpore
357 2777 522 2841 succumbit
539 2783 668 2841 mentem
685 2790 812 2862 purgata
829 2790 976 2842 senectus.

168 2859 173 2868 ’
203 2863 260 2926 His
279 2885 374 2947 genus
393 2864 552 2926 humanum
569 2884 623 2946 per
640 2863 911 2947 dissona-tempora
929 2864 1016 2927 duxit

117 2967 166 3020 3525
203 2945 369 3011 Curriculis
387 2969 493 3011 aevum
511 2946 667 3010 mutabile:
687 2947 731 3009 sic
749 2947 839 3010 hebes
856 2948 937 3011 iuter

200 3031 354 3111 Primitias
372 3051 561 3112 mersumque
578 3031 643 3095 solo
662 3030 815 3109 titubavit,
834 3043 865 3095 et
880 3033 978 3096 instar

201 3116 409 3202 Quadrupedis
428 3119 513 3201 pueri
530 3116 672 3179 lactantia
690 3114 808 3180 viscera'
826 3117 930 3180 traxit

150 3267 210 3320 299.
221 3269 341 3319 bobaaisse
351 3270 391 3320 att
406 3295 440 3306 —
453 3268 513 3321 366.
523 3268 642 3337 Libyssa.
652 3269 674 3320 Ε
684 3296 717 3308 -
739 3269 799 3324 361.
809 3270 928 3322 villosam
936 3272 957 3321 P
966 3269 1043 3322 Ald.:
1057 3277 1161 3337 gestem
1170 3275 1209 3336 Α,
1222 3287 1272 3324 oe-

115 3336 214 3385 stontE
224 3337 314 3386 sim.P
331 3364 366 3376 -
382 3336 442 3388 362.
461 3336 1015 3401 6116161111]ΛΕΡΒΤ1Ι.ΑΙ11.Η11113.11.,
1029 3340 1145 3391 babebat
1159 3349 1210 3393 oet.
1228 3366 1267 3380 -ν

116 3403 235 3454 abacta·
242 3405 424 3467 antiq.lt,siba'
432 3405 1265 3469 11111111111111.Η111111.-·367.111’1611111.1-311,611261Ιί31

116 3469 340 3530 stannatum..
350 3470 558 3522 Intabnla'eoet.:
572 3473 759 3524 nouaretAEP
775 3504 810 3513 —
826 3475 886 3528 322.
896 3475 1001 3527 acastus·
1009 3477 1033 3526 R
1052 3503 1082 3514 -
1100 3474 1162 3530 324.
1170 3477 1261 3543 flrrm'l

115 3541 173 3590 nat.
181 3539 274 3590 Weitz.
284 3569 318 3580 —
328 3538 387 3591 326.
398 3540 475 3589 neat.
487 3541 582 3590 etinst.
590 3539 726 3606 Quadratp.
737 3546 801 3604 eta]
811 3540 920 3594 duona
930 3545 999 3594 Rott.
1006 3544 1040 3593 11.
1052 3543 1085 3594 al.
1096 3543 1159 3595 Ald.
1172 3544 1255 3604 Febr..

115 3622 167 3656 cecc
172 3606 321 3673 quadrupes
329 3609 394 3671 egit.
401 3605 466 3658 Mon
475 3612 527 3659 ten.
538 3612 589 3658 cto.
598 3608 620 3658 Τ
629 3607 693 3660 bob.
700 3611 722 3660 Ι.
732 3610 767 3661 Π.
778 3608 838 3662 cdd.
848 3609 909 3663 lnde
918 3626 932 3664 a
941 3610 1008 3674 Gis,
1019 3612 1065 3677 qni
1074 3609 1183 3664 alteram
1192 3614 1254 3666 sori-

14 3692 19 3701 ’
111 3682 213 3742 pturam
221 3688 273 3728 non
281 3675 404 3742 impr.-

114 3792 140 3844 b.
151 3809 178 3845 n.
188 3791 236 3855 11,
246 3793 290 3848 26.
308 3791 393 3845 Verba
402 3799 455 3845 vot.
466 3792 498 3845 dc
504 3798 586 3860 ponte
599 3794 669 3848 rele-
701 3801 791 3862 ponte.
808 3795 973 3860 Lunaebnrg.
985 3795 1062 3850 1631.
1076 3827 1113 3838 -
1129 3796 1251 3852 222111-

113 3861 193 3913 1111111
209 3868 272 3914 sunt
288 3861 321 3914 ad
339 3863 417 3913 ritum
429 3865 668 3927 nonagenarioram
700 3865 1188 3930 11111]Ρ.11,126.1111111.11,123.
1201 3866 1251 3929 Qec

113 3944 215 3991 senum,
232 3931 277 3996 qul
291 3929 324 3982 de
336 3926 414 3995 ponte
423 3931 599 3984 deiciebantar
612 3932 668 3998 ((1.1-
700 3933 830 3998 gradibus
847 3933 940 3983 domas
955 3935 1007 3982 atta
1020 3931 1096 3982 Romi
1107 3949 1137 3983 aa
1147 3934 1253 3985 custodit

3 4030 8 4037 ,
109 3999 309 4063 pantanorum),
317 3999 339 4048 sl
350 4000 375 4048 in
387 4000 487 4050 comitia
497 3998 664 4051 trevolebant:
702 4001 774 4051 olim.
799 4002 838 4052 De
851 4014 875 4051 1.
887 4015 943 4067 seq.
954 4001 996 4051 vd.
1006 4001 1077 4064 Virg.
1087 3999 1156 4053 Aen.
1169 4002 1200 4066 V,
1212 4002 1251 4055 31.

112 4062 330 4131 auratasne.
341 4065 396 4133 (ed.
406 4066 605 4135 Lindemann),
620 4068 667 4132 qul
700 4068 876 4130 61113661,
892 4069 951 4121 195.
960 4069 996 4129 X,
1013 4069 1082 4131 lbl„
1094 4082 1124 4120 ex
1135 4069 1251 4133 quo'locc

112 4142 163 4196 quc
178 4131 276 4183 rationo
289 4132 331 4184 bic
344 4148 400 4185 mos
414 4142 485 4186 ortus
499 4135 533 4185 sit
550 4134 668 4199 pluribus
702 4136 863 4201 Evandrum,
883 4150 935 4187 nou
948 4135 1107 4202 Tyrrhenum
1121 4136 1189 4203 Lydi
1203 4138 1252 4188 lra-

112 4199 385 4262 enarrat,0v.1‘ast.V,
393 4203 452 4255 625.
463 4202 568 4268 Dionys.
579 4201 665 4265 Hohl,
680 4256 686 4265 ,
702 4210 766 4255 trem
775 4203 884 4255 indicari
893 4194 1007 4269 apparet.
1020 4232 1056 4242 -
1073 4204 1135 4258 326.
1145 4205 1249 4256 Pn'ma't.

112 4265 155 4316 38.
162 4264 278 4318 11111111.
284 4267 397 4326 saltat.
408 4270 508 4322 Weisk.
518 4269 551 4321 ad
557 4272 611 4322 etc.
620 4285 667 4336 pro
701 4277 766 4334 cta]
779 4272 906 4337 Aenigma
916 4272 1039 4339 Sphingis
1048 4271 1149 4340 Oedtpo
1158 4287 1252 4341 propo-

111 4335 189 4385 Roso.
203 4331 265 4384 Am.
280 4333 386 4395 XXXV,
401 4336 460 4389 too.
477 4339 502 4389 J.
516 4339 563 4389 Fr.
573 4339 667 4403 11111-
701 4339 1051 4406 51111111,111.1)1111.811.11,
1064 4341 1089 4392 6.

111 4414 189 4454 non:
206 4401 343 4466 Quaedam
357 4403 420 4468 qaid
434 4406 467 4456 sit
476 4419 621 4472 sexagenas
633 4405 666 4460 da
