2744 4852
129 250 193 357 dm
535 247 604 308 Aur.
623 238 771 307 tmtesot
787 242 878 307 Clem.

132 437 182 491 075
199 417 259 482 ‘Et
275 436 365 502 super
381 414 505 500 iugenio
521 415 644 499 proprio
660 415 809 498 laxaequo
826 413 924 476 soluto

215 502 287 566 lure
303 501 482 579 voluntatis,
501 496 591 564 lineat
607 500 657 564 oui
671 499 750 564 velle
767 497 925 581 sequique,

134 656 138 661 ,
216 587 304 670 Quod
322 586 475 671 placitum,
494 585 626 668 nullique
644 586 775 648 animum
792 582 975 666 subiungere
995 580 1117 644 riuulo?

215 674 282 751 Au,
303 693 368 733 oum
387 682 417 735 te
435 668 596 733 Dominum
613 669 745 744 eunetis,-
765 682 959 751 quaeeunque
976 674 1113 742 amarat,

215 756 399 821 Praebuerat
415 756 617 838 mundumque.
631 753 691 816 tuis
709 752 825 816 servire
841 751 960 814 iuberet
1035 782 1039 793 ·

132 859 182 912 tto
216 840 362 926 Inperiis,
381 859 507 925 numque
523 858 611 910 arva,
628 838 744 922 polum,
762 856 861 910 mare,
879 835 1017 910 domiue,
1036 840 1161 898 vautos'

215 925 364 998 Dederat,
383 925 539 988 arbitrium
557 925 594 988 de
611 934 640 987 ιε
659 923 712 986 tibi
730 923 853 986 eredere
870 938 981 984 avarus

216 1009 334 1084 Nubat,
356 1021 389 1073 nt
404 1009 528 1093 indigno
545 1009 772 1091 libertatemque
789 1007 936 1090 negaret?

217 1094 314 1177 Quale
332 1105 413 1173 erat,
438 1094 550 1157 eleetos
567 1094 669 1176 magui
686 1112 744 1156 rex
762 1090 845 1154 orbis
863 1101 896 1154 ot
911 1099 1006 1163 esset,

217 1178 288 1242 Non
307 1199 365 1241 rex
381 1178 445 1262 ipse
462 1178 526 1253 sui,
546 1188 633 1240 enrto
651 1179 787 1240 foedatos
805 1178 938 1239 bonore?

133 1282 182 1337 085
216 1262 296 1326 Nam
315 1263 381 1348 quis
399 1263 494 1325 honos
513 1261 625 1324 domini
642 1272 703 1336 est,
724 1262 808 1325 ouius
826 1280 911 1323 meno
928 1256 1023 1323 libera
1040 1272 1102 1321 nou
1121 1268 1181 1336 ost,

217 1347 286 1412 Una
304 1349 356 1410 sed
374 1346 521 1431 inpositae
538 1347 635 1411 servit
651 1347 802 1410 sententia
819 1345 898 1428 legii

217 1431 303 1515 Quae
320 1432 386 1494 laus
404 1452 494 1515 porro
512 1430 657 1510 bominis,
676 1431 726 1495 vel
743 1431 820 1512 quod
839 1429 994 1505 meritum,
1014 1428 1081 1491 sibe
1099 1434 1184 1491 o'erto

217 1516 303 1580 luter
319 1526 475 1599 utramque
493 1516 572 1581 viem
590 1515 884 1579 discrimine-vivere
900 1514 998 1577 instat

217 1600 289 1665 Non
306 1602 340 1664 iit
357 1612 462 1685 sponte
479 1601 590 1675 bonus,
606 1601 657 1666 eui
675 1620 736 1663 nou
754 1611 801 1664 est
818 1612 953 1683 prompta
970 1607 1104 1682 potestas

132 1705 182 1758 aon
216 1685 304 1751 Velle
322 1688 399 1749 aliud
418 1687 573 1769 flexosque
591 1686 683 1748 animi
700 1696 878 1749 convertere
895 1692 1013 1746 sensus.

216 1771 315 1854 Atqui.
328 1792 384 1834 nee
401 1770 497 1834 bonus
515 1781 578 1850 εει,
597 1790 653 1834 nee
671 1769 885 1834 conlaudabilis
903 1769 969 1845 ille,

217 1855 277 1938 Qui
296 1876 356 1918 nou
375 1856 481 1938 sponte
498 1855 607 1919 bonus:
626 1855 765 1938 quoniam
784 1853 932 1938 probitate
951 1854 1054 1915 noadta

218 1941 324 2004 Gloria
342 1940 527 2004 nullamenit
543 1941 703 2024 sordetque
721 1939 851 2021 inglorie
867 1938 981 2002 virtus:

217 2024 284 2090 Neo
304 2036 403 2088 tamen
420 2034 468 2088 est
484 2026 598 2103 virtus,
619 2026 650 2087 ui
668 2025 972 2088 deteriora‘reintans

133 2127 183 2178 000
218 2107 336 2172 Emicat
353 2118 385 2171 et
400 2110 525 2171 meliore
541 2109 621 2171 viam
640 2118 722 2190 petat
737 2109 837 2170 indole
854 2117 978 2171 reetam.

217 2192 371 2270 „Vade“‚
391 2192 435 2253 ait
450 2192 514 2274 ipse
532 2211 640 2274 parens
658 2191 819 2273 opifexque
837 2202 868 2252 et
885 2190 1143 2267 eondit.or·Adae‚

199 2275 331 2354 „Vade
350 2276 437 2338 homo
454 2276 565 2340 adflatu
582 2276 679 2338 nostri
696 2274 877 2359 praenobilis
895 2274 973 2351 oris,

217 2359 430 2437 „Iusubiente‚
448 2369 571 2444 potens,
590 2380 692 2424 rernm
711 2359 839 2433 arbiter,
860 2359 974 2422 arbiter
990 2358 1068 2423 idem

218 2443 286 2525 „Et
302 2445 395 2509 iudex
411 2446 520 2509 mentis
538 2445 692 2530 propriae,
711 2444 783 2507 mibi
801 2436 928 2508 subdere
946 2445 1003 2506 soli

133 2547 183 2600 700
220 2528 360 2612 „Sponte
377 2540 446 2609 tua,
466 2550 525 2613 qun
542 2531 582 2593 sit
599 2529 745 2594 snbieotio
762 2541 794 2592 et
810 2530 875 2612 ipse
892 2529 991 2609 solutu

218 2611 357 2694 „Libera
375 2614 499 2677 iudioio:
518 2635 579 2677 uon
597 2634 688 2697 engo,
706 2634 762 2676 neu
779 2614 872 2696 exigo
889 2634 943 2696 per
959 2614 1037 2691 vim,
1132 2638 1167 2655 ···

219 2696 305 2778 „Sed
324 2696 448 2773 moneo,
467 2698 609 2761 iniustum
629 2699 728 2782 fugias
749 2697 921 2781 iustumque
940 2698 1090 2780 sequaris.
1159 2694 1165 2707 '

219 2781 318 2863 „Lux
336 2791 435 2847 eomes
453 2793 501 2846 est
516 2783 604 2863 iusti,
624 2802 730 2847 eomes.
743 2793 790 2846 est
807 2804 889 2846 mors
907 2783 1029 2846 barrida
1045 2782 1159 2866 iniqui,

216 2866 332 2951 „Elige
350 2889 414 2931 rem
431 2868 528 2942 vitae,
548 2879 600 2931 tue
616 2869 712 2931 uirtus
730 2878 822 2931 temet
838 2868 870 2930 in
889 2887 996 2931 aevum

132 2968 181 3023 ⁷05
217 2951 411 3029 „Proventu
431 2961 586 3015 ueternum
604 2962 656 3015 tua
673 2954 812 3034 dampnet
829 2953 914 3035 eulpa
931 2952 1097 3030 vicissim,·-
1155 2994 1158 2999 -

219 3035 386 3116 „Praestet
402 3047 433 3098 et
450 3036 625 3098 alterutram
643 3037 789 3120 permissa
806 3036 929 3098 licentio
945 3042 1100 3099 sortem.“
1125 3066 1128 3071 ·

301 3119 368 3184 Hac
385 3121 495 3204 pietate
512 3141 609 3204 vagus
626 3132 657 3184 et
672 3130 757 3183 tanto
775 3140 899 3184 munere
917 3121 1071 3184 abundans

216 3204 342 3269 Transit
358 3204 540 3290 propositum
559 3209 605 3269 fas
622 3215 654 3269 et
669 3206 770 3269 letalia
788 3207 918 3289 prudens
986 3263 991 3272 ,

216 3287 313 3372 Eligit
330 3301 418 3375 atque
435 3291 556 3366 volens,
576 3291 671 3374 magis
689 3291 762 3354 utile
780 3293 846 3352 dum
866 3291 923 3354 sibi
942 3291 1050 3363 eredit,

133 3388 183 3443 710
217 3371 307 3521 guod
324 3372 498 3456 prohibente
516 3373 582 3438 Deo
600 3375 750 3459 persuasit
767 3373 891 3438 callidus
909 3374 1029 3458 anguis.

244 3456 375 3520 ersuasit
392 3467 474 3521 uerte
492 3458 627 3537 hortatu,
646 3481 707 3522 uon
724 3458 832 3544 inpulit
849 3460 913 3522 aori

217 3540 352 3626 lupario:
371 3543 426 3605 hoo
444 3543 551 3609 mulier
568 3564 620 3608 rea
639 3545 774 3609 numinis
791 3544 987 3629 exprobranti

166 3726 227 3781 676.
238 3728 358 3795 700000]
372 3727 503 3781 ΔαιιΡιιι.
512 3730 612 3783 Weiss.
622 3730 715 3783 Heius.
725 3730 783 3798 Aa,
800 3732 913 3798 tonoque
922 3736 972 3782 eet.
982 3760 1015 3771 -
1028 3730 1088 3783 070.
1104 3730 1127 3783 l.
1131 3732 1276 3799 potestatis

131 3797 192 3849 Διά.
202 3796 277 3849 Febr.
291 3827 325 3837 -
339 3798 399 3849 677.
407 3799 478 3864 plue.
489 3797 641 3850 estWAld.
652 3798 744 3850 Weltz.
758 3827 793 3837 -
806 3799 866 3853 781.
880 3798 1046 3850 Dedan-ttAE
1055 3798 1128 3860 did..
1140 3799 1278 3853 00000000

132 3896 166 3907 -
176 3866 235 3918 087.
245 3866 317 3916 noello
326 3866 379 3917 2W
389 3866 458 3918 Cort.
467 3867 559 3926 boel.
572 3866 631 3920 ott.
643 3894 673 3903 —
684 3867 743 3919 tot.
753 3866 993 3919 nonloudob.A-
1003 3868 1171 3933 tenpestate
1181 3873 1278 3920 eooato

126 3932 155 3982 ‘R
163 3960 198 3971 ·—
207 3933 267 3986 696.
280 3933 349 3987 Unde
358 3932 406 3984 All
416 3933 472 3984 Gis.
482 3934 589 3994 waitz„
600 3931 673 3984 Vade
683 3935 780 3988 Weiss.
791 3941 816 3986 et
825 3940 873 3986 eet.
884 3966 919 3977 -
928 3935 988 3987 697.
999 3936 1074 3985 bonno
1084 3934 1149 4003 odjl.
1159 3934 1210 3987 AR
1216 3938 1276 3989 rut.

132 3997 203 4062 did„
214 4002 290 4052 bomo
299 4000 416 4068 aitflotu
424 3999 604 4067 sonbernon,
615 4002 691 4052 tomo
701 4007 728 4052 et
736 4003 800 4070 adst.
807 4000 906 4056 Weiss.
917 4010 942 4055 et
950 4009 1036 4054 eet-
1047 4002 1277 4068 6001000000]

133 4063 200 4118 000
209 4067 274 4119 Bab.
283 4070 305 4120 Ῑ.
319 4070 380 4120 Put.
395 4069 453 4120 Gis.
467 4068 570 4130 Heius..
584 4070 808 4122 insubteetoltet.
819 4078 884 4122 oet:
904 4073 975 4122 00060
989 4073 1047 4122 orb.
1060 4071 1096 4134 E,
1111 4072 1169 4122 orb.
1179 4075 1277 4126 00006.

130 4132 304 4186 cauillatus.
315 4164 343 4175 --
357 4136 418 4190 701.
426 4152 480 4188 non
488 4152 532 4188 00.
543 4137 679 4198 Weiss..
692 4140 760 4191 Cart.
770 4138 815 4190 l.l.
823 4140 855 4201 n,
865 4140 924 4192 106.
934 4139 1036 4191 «703.
1046 4138 1276 4204 noxGisAEeius„

102 4210 113 4229 ‘
131 4212 185 4251 nou
195 4200 293 4252 Weiss.
302 4208 329 4253 et
337 4202 400 4256 Call.
418 4232 453 4246 -
470 4204 530 4257 765.
544 4205 657 4257 alteratae
665 4206 698 4268 0,
713 4207 843 4257 alternum
852 4206 913 4258 Ald.
931 4232 966 4246 ·-
981 4206 997 4258 7
999 4208 1041 4260 67.
1055 4210 1148 4273 vigens
1161 4222 1187 4257 m
1198 4209 1276 4275 Prag.

131 4266 277 4319 Toto-(tls.
288 4268 392 4334 Waltz„
402 4273 592 4338 adgaudente.
605 4302 634 4313 -
652 4274 712 4326 708.
718 4288 803 4341 prope
811 4276 922 4326 namu
932 4302 966 4316 ·-
983 4276 1043 4327 700.
1054 4276 1220 4340 00000000]
1229 4275 1277 4328 ΑΕ

132 4326 260 4387 01000000
267 4332 331 4386 ΔΜ.
341 4332 399 4388 oa.
408 4339 466 4402 Aa,
481 4342 526 4394 ot.
536 4347 610 4408 atq„-
627 4341 1145 4410 aotentooamagouttarsturweto.
1155 4344 1278 4398 Halose

132 4399 618 4465 melioribosll—712.baoadld.-
920 4440 925 4447 ·
