2744 4852
427 232 527 283 eontra
547 188 709 303 Sqmmauh.
729 226 768 285 ll.

125 388 210 461 Heu,
231 399 364 451 nostram
384 400 529 475 temptare
545 392 649 466 lidem3
666 402 770 457 nee-te
787 391 869 457 videt
885 414 921 457 ae
939 415 985 458 me

125 473 275 546 Devales,
294 484 438 555 auguste,
457 474 541 550 Deo,
560 476 609 539 oui
627 477 748 540 sordida
764 478 874 560 templa

126 555 297 622 Clausimus
315 570 346 620 et
364 560 597 623 madidassanie
614 561 775 624 deiecimus
792 582 873 625 aras.
1134 582 1183 632 765

125 640 212 706 Unus
230 653 335 705 nostra
353 654 439 726 regat
457 654 616 726 servetque
633 645 743 728 palatia
762 643 917 721 Christos,
953 664 957 670 ·

124 725 174 791 Ne
193 726 259 809 quis
276 725 440 791 Romuleas
458 730 584 792 daemon
601 731 661 793 iam
680 730 800 794 noverit
815 750 918 809 arces,

125 810 185 875 set
204 811 261 873 soli
279 811 360 895 pacis
378 811 507 876 Domino
525 832 592 877 mea
609 815 724 877 serviat
740 815 821 877 aula.

151 928 161 955 ι
211 895 263 959 Sie
280 898 381 960 adlata
398 897 463 981 pios
479 896 579 962 Roma
596 899 739 963 exoravit
754 899 925 983 alumpnus,

124 978 276 1063 Spernere
293 982 424 1063 legatum
438 1003 504 1047 non
519 982 703 1046 admittenda
720 995 892 1067 petentems

123 1064 273 1148 Legatum
291 1064 374 1129 Iouis
392 1087 434 1129 ex
451 1067 550 1152 adytis
568 1067 605 1131 ab
622 1069 760 1150 aruspice
777 1069 916 1145 missum,

123 1149 168 1213 Aa
185 1170 244 1212 uun
263 1171 281 1212 a
298 1151 411 1232 patria:
432 1152 547 1233 patriae
565 1172 633 1215 nom
652 1153 749 1234 gloria
768 1151 918 1216 Christus.

122 1233 265 1297 Persistit
281 1245 381 1297 tamen
396 1235 655 1310 adfirmans‚.iter
671 1257 739 1301 esse
756 1237 859 1301 viandi

121 1316 303 1382 Multifidum
320 1319 509 1402 variumque,
528 1319 612 1384 Deus
631 1342 698 1384 eum
716 1321 871 1404 quaeritur
888 1342 977 1403 uuus.

123 1401 205 1465 Hine
223 1404 313 1478 alios,
333 1416 381 1467 ast
397 1405 466 1468 inde
484 1405 559 1469 alios
578 1427 738 1489 properare
756 1405 883 1470 seorsim
1133 1423 1181 1473 775

124 1485 282 1570 Quemque
299 1509 353 1571 per
370 1490 524 1553 anfractus
543 1491 695 1574 proprios:
714 1492 767 1553 sed
786 1501 911 1575 eonpota
929 1490 1033 1553 eodem

122 1571 200 1634 Fine
218 1573 349 1637 coartari
367 1573 455 1638 simul
473 1585 505 1637 et
520 1588 702 1637 concurrere
719 1574 750 1636 in
770 1596 879 1637 unum·
962 1626 966 1631 .
1035 1616 1040 1623 -

122 1656 205 1738 Quin
224 1658 313 1720 etiam
332 1658 446 1721 eaelum
464 1668 553 1740 atque
570 1659 683 1732 solum,
702 1669 827 1737 ventos,
846 1679 945 1739 mare,
965 1658 1079 1737 nultos,

123 1740 270 1805 Omnibus
287 1743 319 1805 in
338 1762 484 1805 ooumuue
503 1743 583 1815 dari,
603 1743 652 1807 vel
669 1743 719 1824 qui
736 1743 862 1806 solimus
880 1755 924 1817 te,

123 1824 260 1900 Christe,
279 1826 329 1890 vel
346 1836 419 1891 exto
436 1827 524 1889 litant
540 1827 664 1909 sculptis
681 1827 732 1909 qui
750 1827 848 1890 tabida
866 1827 960 1891 saxis.
1079 1840 1082 1847 '
1131 1845 1180 1896 tto

146 1911 148 1915 ’
206 1909 278 1974 Νοιι
297 1931 375 1995 nego
394 1932 570 1975 communem
588 1910 703 1974 eunetis
720 1911 895 1976 viventibus
909 1932 996 1976 usum

120 1994 228 2068 Aeris,
249 2005 416 2073 astrorum,
436 1995 551 2078 pelagi,
570 1995 686 2059 telluris
704 2006 739 2059 et
751 1995 865 2059 imbris.
1079 2004 1083 2009 '

121 2078 187 2142 lmo
204 2079 293 2142 etiam
311 2079 441 2144 iniustus
458 2080 573 2163 pariter
588 2079 743 2162 iustusque
760 2081 816 2144 sub
835 2101 895 2143 uno

121 2164 194 2228 Axe
213 2163 360 2227 habitant:
379 2185 455 2229 unas
472 2164 552 2247 capit
567 2164 666 2248 inpius
684 2176 715 2228 ot
731 2165 798 2248 pius
815 2186 922 2240 auram
970 2212 976 2221 .

121 2246 233 2313 Castus
252 2259 282 2312 et
297 2249 447 2328 incestus,
464 2248 612 2313 meretrix
627 2260 660 2313 et
676 2260 781 2333 nupta,
800 2271 856 2313 nee
873 2250 950 2313 alter
1131 2267 1179 2318 785

120 2332 185 2398 0re
203 2334 383 2411 sacerdotis,
401 2354 488 2416 quam
507 2333 704 2397 murmillonis
723 2334 845 2397 anhelat

121 2417 145 2482 S
164 2418 268 2492 iritns‚
288 2417 371 2481 aerio
388 2418 481 2482 vitam
499 2418 550 2501 qui
566 2429 714 2502 temperat
730 2418 850 2482 haustu.

119 2441 226 2566 Nlulres
243 2522 339 2568 verua
355 2503 431 2587 pluit
447 2500 588 2588 Zephyro
604 2503 784 2587 inpellente,
802 2505 854 2567 sed
873 2522 967 2584 aeque

119 2586 211 2651 Funis
231 2597 262 2650 et
278 2587 400 2651 innoeui
417 2589 557 2652 fecundat
573 2588 645 2653 rura
663 2587 771 2652 uoloni.
814 2640 817 2646 ,

120 2671 259 2755 Gurgitis
277 2671 385 2737 aestivi
401 2672 446 2737 sie
463 2693 539 2755 pura
554 2673 668 2736 fluenta
684 2673 800 2746 vietor,

74 2818 76 2825 ,
119 2755 162 2820 Ut
179 2756 272 2834 latro,
290 2757 390 2821 fessus
407 2755 482 2821 stit:
499 2756 545 2820 sie
562 2756 667 2839 piratis
684 2755 896 2829 intremuit,

120 2839 164 2905 Ut
179 2841 357 2919 mercatori,
377 2860 433 2904 neo
450 2841 558 2904 fluetus
575 2840 668 2903 setius
686 2839 766 2903 hosti

123 2924 326 3008 Obsequitur,
345 2944 432 3007 qnam
451 2946 518 2989 oum
535 2924 636 2989 linitae
652 2925 713 2988 fert
730 2933 865 2987 monstra
882 2922 1016 2986 uarium.
1040 2946 1045 2955 “

119 3007 206 3093 Ergo
225 3030 322 3093 rapax
338 3009 495 3091 utriusque
511 3009 558 3074 rei
575 3020 683 3073 natura
701 3008 839 3072 ornandis

119 3091 161 3158 Se
179 3094 302 3177 praebet
319 3093 450 3178 populis,
470 3114 525 3157 neo
543 3092 634 3157 habet
650 3093 822 3157 disseruere
839 3093 942 3176 dispar
1129 3110 1177 3160 795

118 3177 284 3243 Viventnm
301 3178 456 3256 meritum,
476 3198 551 3260 quos
569 3187 683 3241 tantum
701 3198 826 3261 posuere
842 3176 925 3240 iussa
942 3186 1000 3240 est.

119 3260 224 3327 Servit
241 3263 320 3325 enim
338 3263 481 3336 mundns,
500 3281 562 3326 uon
579 3261 704 3325 iudicat:
723 3262 778 3325 lroo
796 3261 853 3326 sibi
870 3280 1005 3325 summus

117 3345 256 3410 Naturae
273 3345 421 3411 Dominus
438 3346 621 3431 praescripta
638 3347 671 3409 in
688 3356 823 3430 tempora
839 3355 954 3411 servat.
975 3402 979 3409 .

117 3429 209 3495 Nune
225 3433 336 3494 adsunt
353 3430 465 3495 homini
483 3431 552 3495 data
569 3452 694 3496 munera
712 3431 828 3514 legibus
845 3431 956 3509 isdem,
1071 3436 1075 3446 '

74 3548 287 3618 torquatos.
308 3576 338 3589 -
357 3550 418 3606 ⁷⁷2.
431 3550 552 3615 suaso
570 3579 604 3590 -
621 3550 682 3602 rto.
695 3546 865 3601 semmua
884 3576 914 3586 -
933 3546 1022 3601 παι
1074 3548 1177 3613 omiss

74 3617 140 3679 sits„
150 3616 185 3671 ol.
195 3618 230 3669 Δ,
245 3634 285 3685 pr.
295 3616 332 3682 7.,
343 3620 450 3685 mnnita
458 3625 508 3671 eet.
524 3646 558 3659 —
567 3616 884 3685 78l.'eonmuns...ipsum
892 3614 954 3669 tto.
966 3646 1002 3659 ·-
1014 3617 1048 3669 ta
1067 3618 1178 3668 λωτοῖο

74 3684 298 3807 ᾶῦῗῖἒ-Ιῑαυίω
306 3688 392 3738 senius
400 3684 440 3737 Δι
449 3684 567 3737 sedimE
578 3712 607 3725 -
628 3686 687 3738 793.
699 3686 774 3737 licito
782 3686 820 3738 A:
836 3684 1021 3751 domiaaosert
1029 3682 1091 3735 Alo.
1099 3684 1177 3735 Turn.

74 3837 116 3891 '81
127 3852 189 3904 sqq.
201 3837 263 3889 Non
272 3842 333 3902 eta]
347 3839 446 3905 symm.
459 3835 478 3889 l.
488 3837 523 3890 l.:
537 3839 590 3890 As·
624 3837 842 3890 murmillonicum
854 3850 939 3902 gnam
951 3839 1104 3887 arantum
1115 3833 1179 3887 Gd-

74 3906 589 3971 mest,qaidquidomoesooluut,amum
624 3907 704 3958 la'oatm
721 3910 773 3969 ost,
792 3906 895 3972 ipsiquo
911 3903 1101 3955 murmilliostos
1117 3907 1178 3953 anm

74 3976 134 4025 teri.
153 3972 256 4026 uadem
265 3979 510 4040 succlamassem,
529 3990 590 4025 eou-
625 3974 695 4025 Galli
712 3973 825 4039 [quitoti
834 3974 861 4024 ln
872 3972 951 4023 ermis
962 3976 1047 4033 erant]
1061 3971 1178 4037 appollo-

74 4042 282 4106 mucelanum,
297 4042 541 4093 idsmaormundus
550 4044 590 4093 in-
625 4039 1179 4106 tmm,anuommgauopooosfflgtss

74 4111 122 4160 sit.
140 4108 211 4171 Quid
218 4112 336 4171 intereat,
347 4125 400 4175 quo
410 4113 520 4175 quisquo
524 4126 589 4177 psat-
622 4112 727 4160 iuerat:
743 4123 823 4174 quare
836 4108 933 4172 aliquot
940 4107 997 4157 W.
1013 4106 1070 4159 ltu.
1082 4122 1177 4159 uttam·

74 4179 123 4227 itia
132 4192 221 4228 oerum
230 4178 365 4242 inquirat?
375 4176 429 4230 Uno
439 4179 590 4228 itineronon
623 4191 718 4228 nomen
729 4177 822 4242 opisoe
830 4173 973 4235 mormoto,
987 4173 1030 4226 alli
1043 4174 1211 4240 altisimi-⁶

74 4249 119 4297 test
125 4248 263 4310 perueniri
275 4245 312 4295 nd
323 4250 379 4297 tom
390 4245 494 4310 grando
505 4260 590 4297 rouro-
623 4243 888 4294 domtmdoduennts
896 4241 940 4295 sd.
951 4241 1038 4294 Senot.
1049 4242 1080 4294 ad
1090 4246 1177 4293 turen.

74 4328 135 4365 a.-
147 4312 207 4364 783.
217 4312 344 4375 ustulat,
358 4315 440 4365 ta-
450 4311 590 4364 woman*
624 4313 696 4372 vlu,
718 4311 777 4364 199.
803 4310 891 4363 Voles.
909 4311 936 4362 in
950 4309 1083 4363 Ammius.
1096 4311 1176 4361 lime.

74 4380 158 4444 lorus]
177 4381 246 4433 Fest.
266 4381 362 4447 peta.
377 4379 588 4447 (ed.Lindem.):
625 4379 726 4444 xxut,
737 4379 917 4447 ulti-lips.
928 4377 1127 4442 sar.tt‚t.tu.
