2744 4852
110 250 172 317 118
512 249 581 311 Aur.
601 249 749 311 Prudentii
764 249 857 311 ,Cleua

199 416 313 502 „Spem
332 420 461 483 fortasse
478 416 566 493 leni,
585 410 666 483 lenta
685 427 718 481 ut
735 416 843 481 solatia
860 414 978 481 mollem

188 502 378 583 „Desidiam
397 503 483 586 pigro
501 522 602 567 rerum
619 501 808 569 meditamine
826 501 957 586 palpent.

50 595 52 599 ’
112 607 162 657 235
197 585 304 669 „Quid
322 588 353 650 ni
370 588 437 650 illos
455 607 523 671 spes
541 586 639 671 palpet
654 587 753 662 iners,
771 607 846 669 qnos
863 586 987 669 pulvere
1004 585 1036 649 in
1055 583 1113 649 isto

198 672 355 750 „Tirones
372 671 500 736 Bellona
516 672 595 735 truci
613 692 673 735 non
691 671 908 751 excitatam,

199 755 412 840 „lnbellesque
429 756 545 821 animos
565 755 669 819 Virtus
687 757 832 839 tepefacta
851 754 995 821 resolvit?

198 843 315 919 „Anne
332 841 491 940 pudicitiae
507 840 637 940 gelidum
655 840 738 905 iecur
755 841 828 938 utile
844 841 923 905 bello
935 851 1003 939 est,

112 1029 163 1082 ato
199 927 803 1094 :zftftttt‚ffttttttftt
816 927 1061 1087 55551...

199 1095 343 1174 „Contra
361 1107 443 1159 stare
461 1095 556 1165 aciens
573 1097 715 1178 ferroque
731 1097 882 1159 lacessere
899 1114 1012 1177 nugas,

199 1179 268 1259 „Et
285 1202 351 1243 cnm
369 1180 516 1263 virgineis
534 1181 672 1247 dextram
690 1181 830 1245 conferre
848 1179 978 1243 choreis.
1032 1191 1034 1194 ·

200 1264 346 1344 „lustitia
364 1274 412 1328 est
428 1264 479 1327 ubi
496 1285 614 1348 semper
631 1284 725 1347 egene
741 1275 774 1329 et
790 1285 902 1348 pauper
918 1263 1090 1342 Honestue,

201 1348 323 1428 „Arida
341 1348 513 1424 Sobrietas,
532 1350 600 1413 alltc
618 1347 735 1413 Ieiunia
752 1350 854 1428 vultu,
1178 1354 1187 1367 “

113 1453 163 1507 545
202 1431 383 1517 „Sanguine
400 1434 456 1497 vix
474 1434 556 1499 tenui
573 1433 676 1501 Pudor
692 1433 874 1513 interfusus,
893 1443 998 1517 aperta

200 1516 425 1603 „Simplicitas,
445 1528 475 1581 et
492 1519 530 1581 ad
548 1539 637 1582 omne
652 1529 758 1602 patens
775 1518 842 1583 sine
859 1519 991 1601 tegmine
1007 1517 1129 1585 vulnus·

201 1602 270 1684 „Ilt
286 1614 438 1687 prestrata
454 1603 486 1669 in
504 1602 641 1680 humum,
660 1624 717 1669 neo
733 1603 829 1669 libera
845 1603 943 1667 iudice
960 1622 1028 1671 sese

200 1687 317 1768 „Mens
335 1688 470 1766 humilis,
490 1707 577 1771 quarn
596 1690 775 1772 degenerem
793 1688 952 1770 trepidatio
969 1688 1077 1771 prodit.

138 1774 142 1785 “
202 1772 316 1852 „Faxo
334 1793 391 1855 ego
409 1772 464 1839 sub
481 1772 604 1854 pedibus
621 1772 799 1856 stipularum
817 1793 900 1835 merc
918 1782 1034 1836 teratur

114 1876 165 1930 250
200 1856 364 1934 „Invalida
380 1857 439 1921 ista
458 1877 580 1925 manusc
599 1877 697 1940 neque
714 1857 793 1921 enim
810 1856 1001 1940 perfringere
1018 1855 1104 1923 duris

202 1941 399 2026 „Dignamur
417 1941 538 2025 gladiis,
556 1941 670 2025 algenti
687 1951 719 2005 et
736 1941 884 2024 sangnine
902 1942 1015 2007 ferrum

201 2027 357 2103 „Intuere
379 2026 539 2110 fragilique
556 2026 640 2093 viros
658 2028 781 2091 foedare
798 2025 988 2109 triumpho.“
1039 2068 1044 2073 -

285 2111 373 2174 Talia
390 2111 562 2176 vociferans
579 2111 714 2194 rapidum
732 2110 898 2179 calcaribus
915 2121 1005 2193 urget

202 2194 399 2279 Cornipedem
417 2195 557 2278 lanisque
574 2195 657 2261 velat
673 2195 833 2261 temeraria
852 2194 963 2273 frenis,

115 2300 165 2351 255
200 2280 328 2344 Hostem
346 2279 486 2347 humilem
503 2279 626 2364 cupiens
642 2278 762 2363 inpulsu
780 2278 917 2347 umbonis
936 2279 1039 2362 equini

202 2365 347 2432 Sternere
364 2365 567 2448 deiectamque
584 2385 674 2448 super
691 2364 808 2433 ulcere
825 2363 956 2431 sunam.

286 2450 345 2515 Sed
364 2450 443 2519 cadit
458 2450 491 2515 in
508 2452 626 2515 foveam
645 2469 801 2534 praeceps,
819 2469 908 2532 quam
926 2449 1032 2539 callida
1050 2449 1133 2517 fonte

200 2533 299 2598 Fraus
315 2535 461 2603 interciso
478 2536 642 2599 suffoderat
658 2555 788 2617 aequore
807 2534 924 2603 furtiuis

202 2619 301 2682 Fraus
320 2620 501 2687 detestandis
518 2620 660 2685 vitiorum
678 2640 695 2681 e
713 2619 845 2702 pestibus
863 2639 941 2696 uua,

117 2723 167 2774 aod
202 2704 339 2773 Fallendi
356 2714 479 2773 verena
498 2705 615 2788 opifex,
634 2724 710 2786 qnae
728 2704 863 2786 praescia
882 2703 967 2771 helli'

200 2787 366 2857 Planiciem
382 2788 538 2855 scrobibus
555 2789 724 2857 violaverat
741 2788 910 2861 insidiosis,

201 2874 314 2939 Hostili
331 2875 368 2939 de
386 2883 471 2958 parte
487 2874 601 2949 latens,
621 2884 655 2938 ut
671 2874 754 2937 fossa
771 2885 895 2939 ruentes

201 2957 368 3043 Exciperet
385 2978 497 3023 cuncos
514 2969 603 3039 atque
620 2957 740 3040 agmina
759 2979 858 3023 mersa
875 2968 1008 3025 voraret.

202 3043 249 3105 Ac
267 3063 305 3104 ne
324 3042 461 3105 fallacem
478 3053 596 3124 puteum
616 3042 799 3125 deprendere
819 3053 922 3127 posset

117 3146 166 3197 aas
203 3125 300 3192 Cauta
319 3127 416 3204 acies,
434 3126 531 3209 virgis
549 3127 706 3210 adopertas
724 3137 846 3193 texerat
862 3146 949 3200 oras,

202 3211 244 3274 Et
260 3233 351 3296 super
367 3210 497 3295 inposito
514 3210 672 3279 simularat
687 3213 799 3295 cespite
816 3232 963 3295 eampum.

287 3299 331 3359 At
347 3297 454 3378 regina
472 3297 591 3365 humilis
609 3298 745 3379 quamvis
762 3297 871 3378 ignare
888 3295 1028 3363 manebat

205 3378 358 3445 Ulteriora
373 3381 458 3458 loco,
476 3401 532 3444 nec
549 3381 645 3446 adhue
663 3383 700 3449 ad
717 3381 832 3447 fraudis
849 3391 984 3465 opertum

162 3514 165 3519 .
203 3464 355 3544 Venerat,
376 3476 428 3533 aut
444 3467 551 3531 foveae
569 3467 702 3533 calcarat
718 3467 801 3529 furta
818 3466 977 3549 malignae.

117 3566 168 3621 270
205 3549 292 3612 Hunc
309 3571 400 3632 eques
416 3551 466 3614 illa
486 3551 600 3629 dolum,
624 3551 692 3614 dum
711 3552 808 3617 fertur
825 3562 965 3634 praepete
982 3570 1088 3624 cursu,

203 3634 313 3702 Incidit
330 3646 361 3697 et
377 3657 498 3701 caecum
514 3635 614 3705 subito
631 3635 772 3721 patefecit
789 3636 917 3702 hiatum:

202 3718 304 3783 Prona
321 3721 437 3785 ruentis
455 3721 522 3803 equi
541 3721 659 3787 ceruice
676 3721 856 3796 involvitur,
875 3742 912 3785 ac
929 3719 984 3785 sub

201 3804 337 3869 Pectoris
354 3805 494 3889 inpressu
510 3806 608 3871 fracta
624 3805 705 3871 inter
722 3827 812 3873 crure
829 3816 958 3873 rotatur.

152 3944 213 3997 233.
225 3942 308 4004 lentat
321 3941 448 3995 AORa'l’h
457 3942 516 3993 Pnt.
525 3938 587 3992 Atd.
598 3940 653 3992 Gts.
664 3944 685 3992 1.
696 3932 789 3994 fletos.
804 3944 896 4006 [quem
905 3940 948 3992 vd.
960 3940 991 3993 ed
1002 3941 1050 3993 Or.
1060 3942 1124 3992 tter.
1134 3942 1208 4005 XIX,
1219 3943 1262 3995 81.

97 4021 99 4025 ”
119 4011 178 4061 sim.
189 4011 239 4075 leg.
250 4010 383 4061 Claudiae.
393 4010 468 4073 Rept.
480 4012 553 4061 Pros.
563 4011 584 4070 Ι,
596 4009 639 4061 fd.
650 4009 785 4076 lentaeque
798 4008 1264 4076 (edd.lcetne)simelprcccdit1ae-

119 4079 204 4140 claust
216 4079 301 4143 laetae
312 4080 416 4128 ttmwa
426 4078 621 4130 Gis.ll.Weitz.
631 4076 719 4129 An-
727 4080 787 4132 234.
796 4077 935 4128 medicam.
945 4077 1007 4129 Ate.
1019 4079 1074 4128 Gis.
1081 4080 1102 4128 1.
1112 4104 1147 4113 -
1156 4078 1265 4134 mdc

119 4145 176 4197 Gis.
186 4147 219 4201 1..
231 4145 501 4212 Cumquelrcncca‘rg.
512 4146 617 4197 111.-
631 4147 689 4199 243.
700 4150 808 4197 estatem
816 4145 877 4203 tto.
889 4145 952 4199 Cell.
962 4175 997 4184 -·-
1006 4147 1067 4203 246.
1077 4147 1122 4200 15.
1131 4148 1164 4210 n,
1176 4146 1265 4199 eutem

117 4214 141 4263 tt
158 4240 192 4253 -
208 4212 268 4267 249.
282 4218 407 4269 estante
424 4242 459 4257 *-
475 4215 536 4271 250.
543 4219 641 4281 parete.
652 4226 693 4269 em
702 4213 763 4265 Ald.
773 4212 893 4265 Febre-
908 4216 970 4268 252.
985 4214 1118 4279 effragili
1125 4217 1198 4267 vt‘eue
1206 4215 1265 4269 Gla.

119 4279 182 4331 Celt.
194 4310 222 4319 -
233 4282 296 4337 2511.
305 4298 319 4333 e
328 4297 381 4335 om.
392 4282 519 4337 5115-
530 4283 592 4338 251.
602 4284 695 4335 cetico.
704 4283 877 4344 Put.-lteios.‚
888 4284 986 4335 ciulac.
995 4283 1147 4333 15555-
1155 4284 1219 4337 aes.
1229 4285 1268 4335 Ae

118 4348 210 4402 Woltz.
224 4376 259 4393 ‹—
275 4351 337 4403 aot.
347 4348 426 4401 Claro
435 4349 570 4415 elwssAld.
580 4350 655 4410 cett..
666 4350 750 4403 Cauta
759 4347 806 4403 Aa
815 4359 864 4411 eto.
878 4378 911 4391 ·-
929 4351 1219 4406 monastrant.
1234 4380 1261 4390 -

118 4416 178 4468 273.
190 4416 310 4470 Vectoris
314 4431 408 4482 pressu
416 4417 491 4470 Febr.
502 4418 557 4469 Gis.
568 4421 602 4470 11.
613 4418 674 4487 (sed
684 4418 774 4486 corn),
785 4422 930 4487 capreosam
937 4419 970 4484 Δ,
983 4418 1088 4485 a'npmlcu
1099 4420 1138 4473 un
1146 4444 1182 4461 —-
