2744 4852
139 280 164 324 x
608 260 807 340 Prolegomen.

142 437 232 506 strat,
249 427 298 510 qui
317 426 406 491 simul
422 428 530 507 lucem,
546 427 924 512 caloremvegetamenqne
939 427 1168 513 praebeamt).
1201 425 1286 492 Mar-

141 513 209 577 cion
227 513 322 596 igitur
343 514 417 576 duos
436 511 518 577 Deos
542 514 635 577 inisse
658 525 775 588 censet,
804 515 930 577 alterum
952 514 1081 583 bonum
1103 515 1154 597 qui
1176 535 1286 577 novum

142 608 275 672 testam„
300 598 427 661 alterum
451 599 593 678 malum,
623 600 672 682 qui
694 611 782 663 vetus
803 600 1003 683 composuerit
1025 603 1103 678 (122
1119 603 1204 682 sqq.)
1231 620 1288 663 nec

141 705 203 746 non
221 685 360 747 mundum
387 684 481 768 ipsum
508 685 591 749 vitiis
613 685 714 747 multis
737 684 969 748 contaminatum
993 685 1146 749 creaverit
1166 684 1284 766 (116).

144 766 331 833 Contradieit
350 781 448 832 autem
467 767 574 848 Prud.,
598 772 674 852 quoel
691 768 800 856 Moyse
824 780 946 833 auctore
965 768 1048 834 Deus
1070 771 1148 833 bona
1170 780 1287 833 tantum

141 854 249 916 fecerit
266 856 344 933 (339
353 859 448 936 sqq),
466 856 544 936 qnod
562 855 661 917 animo
677 865 780 918 nostro
795 855 865 917 mali
879 855 1038 938 appetitum
1053 855 1168 918 alemus
1181 855 1287 937 (566...

140 939 251 1019 635),
274 939 353 1002 61661
369 939 426 1003 iste
444 941 570 1021 angelus
594 938 719 1014 (Belial,
740 942 846 1021 156),
871 941 921 1023 qui
939 940 976 1002 ab
994 940 1079 1003 initio
1098 940 1215 1023 quidem
1232 939 1286 1001 bo·

140 1044 198 1086 nus
217 1024 320 1101 166611,
340 1025 392 1086 sed
406 1035 512 1107 sponte
525 1026 562 1087 ad
575 1025 680 1086 vitium
696 1045 729 1088 se
742 1035 865 1088 vertens
879 1036 1037 1108 corruptus
1055 1025 1094 1088 sit
1113 1027 1188 1101 (203
1198 1031 1286 1107 sqq).

140 1107 262 1186 Simile,
288 1108 507 1192 1666666616,
537 1109 622 1172 nobis
644 1110 717 1192 ipsis
735 1110 851 1187 evenit,
874 1111 950 1192 quod
974 1131 1150 1192 quamquam
1169 1109 1286 1172 animus

141 1204 247 1256 noster
263 1192 413 1255 libidinem
432 1213 467 1255 ac
486 1205 637 1276 peccatum
655 1194 800 1277 repellere
818 1205 930 1278 potest,
955 1205 1072 1273 tamen,
1096 1196 1174 1279 quod
1191 1194 1287 1258 libero

141 1277 267 1340 arbitrio
286 1288 332 1340 est
349 1278 513 1341 instructus
537 1281 650 1358 (557.),
674 1278 705 1341 in
728 1279 810 1362 peius
833 1300 922 1364 saepe
943 1281 1073 1344 vertitur
1095 1281 1172 1360 (525
1192 1283 1284 1362 sqq.):

141 1383 236 1444 eaque
262 1364 380 1426 ratione
407 1363 541 1426 homines
568 1365 676 1426 melum
703 1364 761 1427 sibi
788 1363 845 1448 ipsi
872 1376 979 1448 parant
1010 1363 1284 1449 (560...635.)³⁵).

142 1445 202 1511 seu
220 1483 263 1493 —
280 1458 427 1530 quaerent
444 1449 587 1511 baeretici
605 1485 644 1496 -
664 1449 690 1511 si
708 1447 793 1512 Deus
810 1450 881 1511 mali
899 1461 1004 1512 auctor
1022 1471 1083 1512 non
1101 1461 1162 1528 est,
1186 1471 1241 1513 cur
1257 1451 1286 1511 16

141 1532 264 1595 666166
286 1534 398 1616 patitur
421 1555 456 1596 ac
479 1535 587 1597 tolerat
610 1535 706 1607 (617.)
730 1544 761 1596 61
782 1555 837 1597 cur
854 1535 1004 1596 bominum
1024 1555 1146 1608 sensus,
1175 1535 1201 1599 si
1219 1555 1286 1617 pee-

141 1638 213 1681 care
230 1619 350 1696 volunt,
371 1639 431 1680 non
449 1629 544 1681 mutat
563 1620 685 1698 (670.)1
703 1616 792 1682 Prud.
810 1619 915 1700 igitur,
936 1616 1046 1697 Deum,
1063 1620 1114 1692 ait,
1132 1620 1160 1682 si
1177 1620 1286 1683 malum

142 1702 321 1777 creavisset,
339 1704 440 1765 statim
458 1713 525 1787 post
542 1705 752 1780 calamitatem,
773 1725 849 1785 quae
869 1704 1003 1767 homines
1019 1705 1157 1784 vexavit,
1177 1704 1286 1767 bonum

140 1808 202 1849 non
221 1788 339 1850 misisse
358 1789 586 1870 (660...667.),
611 1788 716 1851 661666
735 1789 880 1851 bominem
905 1789 1000 1852 libero
1022 1789 1148 1854 arbitrio
1170 1789 1287 1873 praedi·

140 1882 204 1936 tum
228 1892 294 1935 esse
326 1893 468 1955 eumque,
497 1875 574 1955 qnod
597 1874 678 1936 inter
703 1873 812 1936 bonum
840 1895 875 1936 66
901 1873 1010 1937 malum
1039 1874 1152 1955 eligere
1182 1874 1286 1957 possit,

142 1957 267 2040 probum
297 1979 357 2019 non
384 1979 451 2021 esse
477 1960 660 2036 vocandum,
693 1959 742 2040 qni
773 1960 810 2021 ad
842 1959 920 2022 bona
951 1959 1131 2042 perficienda
1162 1968 1288 2041 cogatur

141 2042 219 2125 (693
239 2050 326 2125 sqq).
374 2041 493 2124 Quare,
521 2045 599 2125 quod
625 2043 758 2126 plerique
785 2043 919 2107 homines
947 2045 1052 2106 i'elsam
1079 2044 1158 2107 viam
1185 2044 1287 2125 ingre-

143 2127 273 2207 diantur,
295 2149 402 2210 corpus
421 2148 522 2190 eorum
541 2139 751 2211 postmortem
771 2129 912 2212 gravibus
930 2129 1017 2190 obrui
1034 2129 1154 2211 poenis,
1174 2138 1205 2190 et
1222 2127 1287 2190 ani-

142 2231 233 2290 mam,
247 2212 382 2295 quamvis
393 2233 433 2274 ex
444 2233 496 2275 ore
506 2235 560 2275 suo
575 2213 725 2276 creaverit
737 2212 830 2292 Deus,
845 2213 1031 2275 inmortalem
1043 2214 1159 2296 quidem
1170 2214 1284 2293 (865...

142 2298 243 2376 923),
266 2298 320 2360 sed
343 2297 379 2359 ab
402 2297 469 2360 istis
493 2320 553 2360 non
572 2299 692 2360 omnino
711 2299 835 2362 liberam
854 2299 962 2361 saetam
982 2319 1065 2376 esse,
1086 2299 1192 2383 quippe
1211 2318 1287 2382 quae

141 2382 233 2445 etiam
259 2382 519 2466 concupiscentiae
545 2383 695 2447 illecebris
720 2384 752 2447 in
779 2405 905 2468 corpore
932 2382 999 2447 sitis
1022 2384 1060 2447 66
1081 2384 1186 2450 vitium
1208 2382 1288 2447 trabi

137 2467 238 2552 possit
255 2467 417 2550 (926.)3⁶).

143 2618 190 2664 μα·
198 2603 241 2653 καὶ
250 2595 317 2654 εἶναι
325 2604 370 2663 μὲν
379 2600 410 2654 τὸ
420 2601 540 2655 belluno.
557 2594 600 2655 εἶτ’
611 2593 658 2656 oin
669 2602 770 2669 θερμὸν
778 2605 821 2656 καὶ
830 2600 933 2668 6161,τὸ
942 2605 1052 2668 πνεῦμα,
1061 2601 1092 2656 τὸ
1102 2601 1251 2664 partemin
1260 2605 1289 2657 66

136 2670 190 2723 mie
199 2669 266 2730 6166,
275 2671 321 2722 τὸν
331 2673 358 2722 61
365 2676 468 2741 πατέρα
477 2670 558 2722 αὐτὸν
568 2663 634 2724 εἶναι
642 2671 672 2723 τό
684 2663 751 2729 tiniec
760 2672 847 2737 πάσης
855 2676 901 2736 τῆς
910 2670 1082 2729 ὑποστάσεως.

177 2738 225 2806 35)
238 2740 279 2790 Ad
294 2740 360 2790 banc
374 2742 528 2791 sententium
542 2740 742 2792 confirmandam
757 2741 836 2791 multa
851 2741 924 2792 atiert
940 2740 1069 2807 exempla,
1089 2754 1155 2805 qnae
1169 2739 1287 2792 homines

143 2807 734 2875 6661661611τί661616666666661666666616
745 2808 796 2860 sibi
806 2809 854 2873 ipsi
865 2810 1037 2873 procreavisse
1046 2807 1286 2867 6666611611661.

144 2877 289 2928 768...778.
307 2876 492 2940 111666166161.
503 2892 529 2940 p.
542 2879 601 2928 168.
614 2878 684 2938 ltili„
697 2879 721 2928 si
731 2877 793 2928 baec
802 2876 910 2927 incultas
920 2877 1021 2938 16111166,
1034 2878 1134 2929 virtutis
1144 2891 1249 2941 quoqne
1258 2891 1288 2927 ae

144 2945 198 2995 vitii
209 2946 346 2995 discrimen
357 2947 493 3005 evanescit,
504 2959 528 2993 v.
536 2945 595 2995 687.
607 2945 739 2995 Consentit
748 2945 826 3008 igitur
835 2943 882 2995 bae
891 2944 917 2994 in
928 2959 954 2995 re
964 2953 1038 3009 poeta
1048 2960 1107 2996 cum
1116 2946 1225 3006 Iustino,
1235 2947 1289 2996 ire-

143 3019 310 3074 6116661661,
323 3026 388 3078 quos
398 3013 440 3062 vd.
451 3027 493 3076 ap.
504 3012 654 3063 Miinseber.
664 3015 698 3063 11.
710 3027 736 3077 6.
748 3013 792 3064 er.

135 3110 137 3117 ν
178 3081 225 3148 36)
235 3081 452 3145 Hamartigeniam
468 3083 593 3145 optimum
608 3079 1021 3144 11166661116666661666111661.
1042 3079 1160 3146 (diction.
1175 3080 1229 3130 crit
1239 3082 1287 3131 111.

142 3163 171 3215 6.
182 3149 268 3216 811),
283 3151 343 3214 quia
356 3151 422 3200 1666
436 3150 520 3199 aerius
535 3164 612 3214 quam
626 3150 703 3200 ceteri
715 3149 854 3214 scriptores
868 3147 1034 3199 ecelesiastici
1049 3156 1135 3199 eontra
1150 3149 1288 3200 Marcionis

143 3216 310 3268 deliramenta
323 3219 481 3283 pugnuverit.
502 3218 695 3283 Comparatione
709 3227 794 3270 autem
809 3233 868 3268 cum
883 3217 981 3268 eisdem
995 3218 1046 3267 PP.
1060 3217 1176 3266 instituta
1186 3224 1287 3281 poetam

144 3298 175 3335 ea
184 3291 282 3334 tantum
293 3285 393 3349 placita,
402 3300 470 3349 quae
480 3286 511 3336 66
522 3287 614 3350 dogma
628 3288 659 3336 dc
669 3287 734 3337 malt
743 3303 774 3337 66
779 3288 887 3352 peceati
900 3289 1004 3349 origine
1017 3290 1147 3348 spectant,
1163 3285 1288 3350 perstrin-

144 3354 222 3412 xisse,
238 3360 271 3416 61,
287 3354 403 3416 quamvis
418 3367 521 3417 semper
533 3355 725 3404 Marcionem
743 3356 830 3417 ipsum
848 3353 955 3414 1661661,
975 3353 1183 3405 Marcionitas
1202 3359 1288 3402 tamen

144 3421 252 3485 seepius
262 3427 379 3470 secutum
389 3435 447 3471 esse
456 3420 551 3479 elucet3
565 3421 605 3470 vd.
617 3420 714 3470 11666.
725 3422 865 3485 prolegom.
876 3420 907 3470 ad
918 3422 1063 3485 quaestion.
1075 3419 1289 3485 66Ε16666166-

145 3488 263 3553 steloque
272 3490 352 3539 Mare.
363 3489 448 3539 denno
457 3489 540 3538 instit.
555 3488 843 3553 (1166116161.1831.1.)
859 3502 885 3551 p.
898 3489 938 3538 18.
962 3491 1020 3550 Quo
1031 3488 1124 3538 sactum
1135 3495 1185 3547 est,
1202 3495 1231 3539 ut
1240 3491 1288 3554 δη-

144 3555 1290 3690 sirituitusiiiiisiiuiiiiriuiiiiiiiiiliri‘iiiiii

145 3693 323 3757 daslivangel.
339 3693 384 3741 des
393 3694 507 3744 Marcion
522 3694 546 3742 in
561 3695 646 3742 seiner
660 3693 807 3757 urspeiingl.
823 3692 920 3743 Gestnit
934 3707 961 3757 p.
973 3694 1024 3754 12„
1040 3692 1125 3743 eiusd.
1141 3693 1243 3744 dissert.
1254 3695 1287 3744 11.

145 3762 178 3813 66
196 3763 270 3826 gnosi
288 3762 411 3813 Marcion.
431 3762 554 3810 antinomi
575 3761 704 3826 (Regiom.
723 3763 831 3812 Boruss.
852 3762 943 3827 1821.)
962 3763 1024 3824 61.
1044 3760 1288 3826 Μ1666166161.1.1.

146 3846 173 3897 6.
185 3831 269 3896 116),
284 3844 396 3894 eumque
405 3830 496 3879 veteris
506 3831 649 3880 testamenti
660 3837 788 3880 auctorem
801 3829 886 3890 iaciat,
903 3830 972 3895 quod
982 3829 1119 3894 prraem.
1131 3830 1188 3894 Spe.
1200 3830 1288 3894 hymn.

146 3898 204 3949 661.
215 3898 284 3949 haer.
295 3899 338 3949 30.
349 3913 376 3963 6.
387 3897 447 3949 5117.
466 3897 548 3948 eidem
565 3899 669 3948 creatori
685 3898 753 3947 iusto
767 3900 831 3947 inter
845 3900 928 3948 Deum
943 3898 1079 3947 bonumne
1094 3897 1190 3948 malum
1204 3897 1289 3949 medio

147 3964 237 4017 tribuit
247 3968 301 4028 (vd.
313 3967 399 4017 11666.
411 3966 515 4017 616611.
528 3981 550 4029 6.
559 3968 583 4016 5.
594 3973 619 4016 et
627 3965 776 4016 Antitheses
785 3967 865 4017 Marc.
877 3973 961 4027 66661.
973 3973 1021 4014 616.
1033 3965 1289 4030 (1166161618238.)

146 4034 554 4100 6.11.11116661161.11.6.511.).
580 4037 610 4084 16
629 4048 659 4084 66
673 4042 771 4093 nutem,
793 4033 861 4098 quod
876 4034 955 4083 Prud.
970 4033 1001 4082 de
1016 4034 1111 4098 origine
1129 4034 1211 4098 angeli
1229 4033 1289 4084 mali

147 4103 271 4166 disputat,
283 4118 340 4152 eum
351 4104 512 4168 Athenagora
523 4102 613 4169 (legat.
623 4117 650 4167 p.
661 4102 736 4168 316.)
745 4109 770 4152 61
779 4101 886 4151 Tertull.
898 4101 968 4166 (661.
979 4103 1098 4162 Marcii,
1113 4104 1290 4169 16666666-

147 4172 178 4221 tit
191 4169 548 4238 (Μ11666661.111.6.326.),
564 4186 642 4237 quem
655 4178 712 4221 ante
726 4170 814 4221 oculos
828 4184 930 4235 semper
944 4170 1066 4221 babuisse
1081 4171 1128 4221 loci
1143 4177 1195 4220 not.
1211 4170 1254 4221 32.
1265 4178 1291 4221 61

147 4239 191 4290 33.
201 4238 268 4288 allati
279 4238 500 4300 demonstrabunt,
515 4248 541 4290 61
550 4254 708 4305 quemqnam
719 4238 778 4289 mali
788 4237 878 4289 sedem
886 4239 912 4288 in
922 4252 1026 4304 corpore
1037 4240 1117 4305 66611,
1135 4245 1220 4289 tamen
1231 4254 1291 4289 eor-

147 4321 198 4372 pus
209 4307 295 4372 ipsum
306 4305 402 4356 melum
414 4322 471 4358 esse
481 4317 593 4359 creatum
603 4322 733 4374 nusquam
743 4306 811 4369 dicit,
824 4307 866 4358 rd.
877 4307 1059 4373 iiliddeidorpi.
1069 4322 1096 4372 p.
1109 4307 1167 4357 171.
1179 4314 1233 4358 661.
1244 4309 1288 4359 23.

146 4375 214 4427 11611.
231 4375 342 4439 (opusc.
353 4374 426 4425 acad.
436 4389 463 4440 6.
474 4375 549 4444 711.)
564 4379 757 4443 vituperantem,
774 4377 818 4442 qui
829 4382 929 4442 poetam
940 4390 1033 4441 eorpus
1043 4378 1146 4425 666666
1156 4390 1289 4425 carcerem

147 4443 315 4510 appellavisse
324 4441 461 4495 arbitratus
470 4443 513 4494 sit.
525 4447 715 4510 -116666661,
727 4443 1148 4511 6666661666166161666666666
1160 4443 1234 4495 nobis
1244 4459 1288 4495 ex-
