2744 4852
111 243 175 311 100
515 241 585 303 Aur.
605 238 751 303 Prudoatli
770 240 860 303 Clam.

197 410 276 475 Nam
295 410 364 494 quia
383 402 524 473 nascendi
543 410 641 474 nullus
659 410 874 494 pantardus,
895 409 980 473 alvos

114 514 163 566 666
197 495 322 559 Fetibus
339 496 369 557 in
388 495 482 558 lucem
501 495 664 559 nitentibus
681 495 855 559 excruciata

198 579 341 664 Carpitur
357 589 446 662 atquo
461 579 542 643 mam
558 580 689 643 lacerata
708 600 762 664 par
778 580 830 642 ilia
846 578 960 663 pandit.

197 665 331 728 Tandem
351 663 433 726 obitu
451 664 565 728 altricis
583 666 680 748 prodit
697 684 776 749 grex
792 665 842 728 ille
860 664 995 727 dolorum

197 749 372 833 Ingressum
391 749 472 812 vitae
488 748 544 812 t'ix
561 750 708 813 eluctatus
725 759 757 812 et
774 759 872 811 ortum

196 833 257 898 Per
274 834 374 896 scelus
390 834 570 917 exculpens,
590 833 724 897 lambunt
742 834 841 897 natale
859 834 990 896 cadaver

90 942 94 949 ·
113 936 161 988 aba
197 917 364 1001 Reptantes
383 919 489 996 catuli,
508 920 609 1001 proles
626 919 693 982 dum
712 919 848 981 nascitur
865 916 940 980 orba

198 1002 286 1067 Haud
306 1013 432 1085 experta
449 1003 543 1081 diem,
561 1005 690 1067 miserae
707 1003 766 1066 nisi
784 1003 940 1087 posthuma
960 1001 1059 1063 matri.

282 1086 351 1149 Non
371 1088 472 1170 dispar
488 1099 611 1151 nostras
628 1097 788 1171 conceptus
804 1086 930 1150 mentis:
949 1085 988 1148 ab
1005 1106 1062 1147 ore

197 1170 328 1254 Vipereo
345 1170 476 1233 inlusum
495 1172 539 1234 sio
556 1172 688 1249 conbibit
704 1173 755 1234 illa
772 1192 922 1236 venenum

198 1253 335 1338 Coniuge
352 1252 492 1319 Beliades
512 1257 556 1320 sio
574 1258 677 1319 oscula
695 1257 820 1321 devorat
837 1256 944 1319 bansta
983 1272 986 1277 ·

113 1357 163 1411 oto
198 1340 388 1422 Interiusque
405 1341 499 1424 rapit:
519 1341 565 1404 sic
582 1341 651 1404 felle
668 1341 800 1404 libidinis
817 1342 927 1404 ardens

197 1422 332 1508 Inpletur
348 1423 432 1488 vitiis
449 1425 584 1508 perituro
601 1425 696 1488 mixta
715 1425 834 1488 marito.

196 1509 284 1573 tunc
302 1528 471 1592 praegnans
489 1510 578 1574 letale
596 1531 691 1594 genus
710 1521 852 1593 concepta
871 1509 995 1592 maligni

196 1593 272 1658 Fert
288 1614 379 1677 opera
396 1593 511 1677 ingenii
528 1595 564 1657 de
581 1595 696 1658 semine
714 1595 856 1677 conplicis
874 1595 977 1679 hydri,

197 1677 294 1826 guem
312 1679 415 1762 poonis
434 1699 561 1761 pensare
578 1680 661 1764 prius
680 1700 735 1742 saa
750 1680 831 1742 ¹lacta
851 1698 975 1742 necesse
992 1687 1041 1740 est

113 1779 162 1832 ⁶15
227 1773 371 1846 onruptae
389 1784 443 1847 pro
461 1778 565 1847 stupro
582 1764 700 1827 animae
717 1784 830 1847 proque
848 1762 921 1825 orbe
938 1769 1104 1846 perempto.

196 1845 294 1930 Ipsam
313 1868 402 1930 porro
420 1847 549 1910 animam
567 1848 699 1912 crudelia
715 1848 842 1911 vulnera
860 1856 987 1932 carpunt

196 1931 281 1996 lllille
300 1932 481 2015 puerperiis,
501 1932 620 1997 soboles
639 1935 706 1997 dum
724 1933 853 2016 parturit
870 1953 912 1995 ex
929 1952 962 1995 se

198 2015 313 2080 Contra
330 2026 466 2079 natmam
486 2019 619 2100 genitas,
639 2018 810 2102 peccamina
828 2018 936 2081 crebra

197 2097 320 2165 Scilicet
337 2110 368 2163 et
385 2111 487 2184 pastos
506 2112 641 2164 materno
659 2104 765 2166 funere
782 2112 880 2166 natos.

113 2201 162 2256 ott
197 2183 278 2247 Hinc
294 2185 345 2246 illa
364 2194 411 2246 est
428 2185 538 2246 domini
556 2185 635 2248 iusta
653 2185 823 2268 obiurgatio
842 2182 972 2250 Christi:

195 2267 307 2332 Nonne
324 2277 410 2351 pater
426 2269 568 2348 daemon,
587 2290 643 2333 vos
660 2270 782 2353 increpo
799 2280 988 2352 peccatores,

197 2351 366 2418 Concubitu
384 2353 484 2416 carnis
503 2374 604 2417 seman
623 2353 751 2417 sitientis
768 2353 902 2437 iniquum

195 2437 261 2502 Vos
280 2437 403 2519 genuit?
420 2448 555 2502 sanctum
573 2440 669 2502 lector
685 2458 829 2524 percense
847 2439 1004 2518 volumen,

165 2571 168 2575 .
196 2520 283 2604 Quod
301 2522 423 2604 loquor,
442 2523 580 2588 invenies
597 2522 758 2587 Dominum
777 2523 891 2586 dixisse
910 2521 1046 2607 prolenis*
1086 2570 1089 2575 .
1141 2564 1144 2571 -

112 2624 161 2678 stt
196 2605 279 2670 Vera
298 2605 494 2670 obiectantem
513 2608 703 2671 mortalibus:
724 2627 765 2671 ex
781 2607 873 2672 Patre
891 2627 959 2670 uam
977 2628 1035 2671 vos
1135 2654 1139 2659 -

195 2688 274 2753 Esse
292 2711 358 2753 meo
376 2691 510 2774 genitos,
529 2692 641 2776 pistas,
661 2693 718 2769 ait,
736 2693 747 2754 i
767 2713 801 2756 sa
819 2691 975 2777 probaret,

195 2775 243 2838 Ac
261 2774 379 2858 pictatis
397 2796 487 2860 opus3
506 2798 561 2861 pro
579 2788 668 2842 caeca
686 2714 791 2841 libidbl
812 2778 880 2861 quid
900 2777 955 2839 hoo
972 2777 1039 2839 asti

198 2859 284 2943 Quod
303 2882 369 2924 oum
388 2881 421 2924 so
438 2860 577 2929 thalamis
594 2864 771 2947 desponsam
789 2882 874 2926 mons
891 2862 970 2924 bona
988 2859 1076 2924 iustis

195 2944 342 3021 Noverit,
361 2946 451 3028 inque
467 2957 567 3009 torum
584 2948 668 3029 regis
684 2957 813 3031 nuptura
829 2955 972 3021 vocetur,

112 3047 163 3099 aaa
196 3027 238 3092 Et
255 3029 337 3109 regis
355 3050 474 3112 semper
489 3030 768 3114 iuvenis'senioque
785 3032 905 3115 repulso
1033 3038 1039 3049 “

195 3113 339 3181 Divinum
358 3115 448 3179 decus
466 3126 590 3180 aeterno
607 3116 758 3197 servantis
775 3116 806 3179 in
825 3136 891 3180 ore:

194 3198 285 3262 Malit
302 3198 479 3264 adulterium
497 3203 586 3267 furvo
603 3212 684 3266 etse
702 3220 827 3266 munero
843 3201 933 3265 vilem

196 3283 317 3348 Vendat
335 3286 499 3350 nocticolae
517 3287 633 3371 spurcis
652 3288 848 3372 conplexibus
864 3285 950 3363 ludi,

195 3369 366 3451 Aspernata
385 3368 443 3432 Dal
460 3372 557 3434 fusam
575 3394 629 3457 per
644 3373 773 3458 virginis
790 3383 875 3436 artus

112 3467 161 3518 636
196 3450 376 3533 Progeniem
395 3454 553 3537 dulcesque
570 3478 683 3521 vocans
701 3460 733 3521 in
751 3458 866 3521 fornice
883 3456 992 3518 natos?
1091 3478 1095 3484 ’

281 3534 386 3601 Sentio
404 3559 493 3621 quam
511 3551 614 3604 contra
633 3555 753 3608 moveat
762 3541 894 3627 pellacia
910 3541 1006 3603 litem:

198 3618 266 3702 Quo
283 3621 372 3684 dente
388 3622 528 3688 obnitens
546 3626 666 3710 spinosa
684 3627 851 3713 calumpnia
868 3634 997 3709 pugnet,

195 3703 320 3789 Nosque
338 3706 477 3771 lacessito
493 3722 583 3774 vocet
600 3713 636 3774 ad
653 3712 815 3775 luctamina
832 3732 919 3775 vero.

133 3800 136 3805 '
197 3788 232 3855 Si
250 3811 309 3854 non
327 3791 393 3855 vult
409 3791 493 3856 Deus
511 3814 578 3858 esse
595 3795 721 3876 malum,
741 3818 795 3860 cur
813 3816 873 3859 non
891 3795 993 3859 votat?
1009 3789 1116 3875 iuquit.

111 3891 161 3945 666
195 3873 249 3939 Nil
266 3877 377 3956 refert,
396 3889 502 3942 auctor
519 3880 610 3945 fuerit
627 3882 782 3965 factorque
799 3881 962 3958 malorum,
1137 3956 1155 3971 ,.

146 3993 206 4045 aaa.
215 3993 272 4047 lom
280 3996 312 4057 Ε,
323 3995 366 4047 ad.
375 3997 466 4048 Burm.
477 3997 495 4048 l.
505 3996 523 4050 l.
535 4013 563 4065 p,
573 3999 633 4051 668.
643 4028 678 4040 -
687 3997 852 4064 doma-ead
861 4026 896 4037 —
905 4000 965 4051 666.
975 4010 1028 4047 om.
1040 3994 1080 4047 td
1090 4022 1121 4035 -
1135 3993 1198 4047 666.
1207 3997 1255 4047 ni-

111 4061 165 4108 aon'
173 4060 207 4123 Α,
216 4065 312 4114 mota-is
319 4065 343 4115 tt
351 4065 449 4116 Weiss.
461 4066 553 4117 Waltz.
564 4069 656 4118 Heius.
666 4062 724 4129 An,
733 4070 817 4117 matri
824 4066 850 4118 Δ
859 4073 948 4118 666-
955 4065 1016 4117 666.
1026 4062 1154 4115 tetradas
1161 4061 1255 4115 ΔΑΗ.

111 4125 205 4177 Waltz.
215 4156 250 4169 -
259 4130 319 4182 611.
328 4132 532 4199 Inpletumd-
549 4135 608 4186 619.
636 4139 709 4185 ortos
717 4132 849 4186 Aluum
858 4160 894 4173 -
906 4133 1100 4199 6261666666
1109 4129 1187 4184 Febr.
1196 4130 1255 4183 Gla.

110 4193 218 4254 wara,
224 4200 351 4262 perquire
360 4201 434 4251 BaW
443 4201 513 4252 sict.
525 4201 584 4262 [sad
593 4151 714 4264 allex,
726 4202 884 4255 lutosas.
893 4201 1018 4253 Ruddim.
1027 4203 1093 4251 lnst.
1107 4196 1257 4266 pm]-

89 4270 93 4279 '
110 4260 170 4314 626.
181 4276 252 4312 moos
260 4264 294 4320 R,
305 4267 353 4314 deo
362 4266 419 4319 Gts.
429 4274 478 4319 aut
483 4271 548 4322 2Bm
558 4271 627 4320 stcb.
636 4296 672 4308 -
688 4271 749 4327 aaa.
759 4271 882 4320 thronum
889 4268 952 4321 Ald.
961 4293 996 4307 -
1004 4268 1064 4320 tat).
1074 4269 1177 4332 soniaq.
1187 4265 1214 4317 Δ
1223 4294 1255 4306 -

112 4327 256 4393 632·su1oo
266 4331 287 4379 Τ
297 4332 356 4382 Put.
363 4352 381 4383 α
392 4335 488 4401 Weiss.
500 4337 569 4388 Siob.
579 4336 827 4404 Heins.Ar.‚fttroo
836 4337 884 4390 att
893 4342 1012 4389 66666-
1021 4335 1082 4386 639.
1092 4337 1182 4401 iaqau's
1190 4335 1258 4386 llam

112 4397 171 4449 Rat.
192 4396 261 4448 Siob.
282 4397 338 4448 Gis.
352 4397 398 4450 Ar.
418 4430 451 4443 -
474 4404 532 4455 oso.
544 4406 672 4468 scotoma
686 4408 754 4471 Gis„
765 4408 917 4478 scotor-qua
930 4401 1038 4470 Roln,
1049 4403 1183 4468 pamm
1196 4402 1256 4455 ood.
