2744 4852
113 250 156 318 86
285 198 288 205 ⁴
457 340 466 353 ,
512 188 582 308 Acir.
602 244 751 307 Prodentii
767 244 857 308 Cleua.

119 436 151 486 co
203 415 351 480 Maiestas
368 415 448 488 lore,
468 432 545 497 quae
562 423 711 477 rectorem
729 411 804 476 lueis
822 422 853 475 et
870 410 952 475 orbis

202 499 361 565 scinderet
377 499 409 561 iu
426 510 527 582 partes
545 498 726 581 geminatum
744 516 872 580 segrege
890 516 995 580 regno.

201 584 318 648 Ideireo
335 583 483 667 specimen
502 582 603 667 posuit
618 581 780 667 spectabile
797 581 910 653 nostris

202 668 439 752 Exemplumque
458 668 568 745 oculis,
587 688 625 730 ne
643 666 710 749 quis
727 667 785 729 duo
803 666 926 728 numina
943 666 1057 730 credat.

202 752 269 825 Una
287 774 341 836 per
356 753 522 817 inmensam
540 751 616 814 caeli
633 771 756 815 caveam
773 751 928 814 revolutos

118 856 151 908 70
202 837 333 901 Praebet
350 837 468 900 flamma
485 837 565 914 dies,
584 836 663 900 texit
681 836 727 898 sol
743 835 849 898 unicus
866 855 995 899 annom:

156 982 159 993 ,
202 923 329 1004 Triplex
340 922 398 993 ,ille
414 932 514 984 tamen
532 921 615 984 nullo
632 920 804 984 discrimine
821 920 902 983 trina

202 1005 359 1071 Subnixus
376 1007 494 1070 natione
511 1005 611 1090 viget,
631 1006 780 1090 splendet,
798 1005 897 1082 volat,
916 1004 1017 1078 ardet,

200 1090 289 1155 Motu
308 1092 422 1174 agitur,
442 1092 563 1155 fervore
581 1101 709 1164 cremat,
730 1101 792 1152 tum
808 1089 920 1153 lumine
939 1091 1044 1173 fulget.

202 1174 281 1239 Sunt
297 1177 356 1238 tria
374 1196 479 1259 nempe
496 1174 601 1250 simul,
621 1175 675 1237 lux
693 1184 724 1238 et
741 1175 826 1237 calor
842 1185 873 1236 et
889 1185 1088 1256 vegetamen,

117 1278 149 1330 75
201 1259 268 1324 Una
287 1260 448 1342 eademque
465 1270 565 1322 tamen
583 1270 652 1323 rota
668 1259 776 1322 sideris
794 1259 965 1322 indiscretis

200 1344 351 1426 Fungitur
369 1344 432 1423 his,
449 1364 511 1408 uno
529 1354 633 1408 servat
648 1354 694 1407 tot
709 1363 834 1407 munera
854 1345 959 1423 ductu,

200 1428 243 1492 Et
259 1430 355 1492 tribus
373 1451 433 1492 una
451 1429 555 1492 subest
571 1429 689 1492 mixtim
707 1428 875 1491 substantia
892 1430 993 1492 nehus.

199 1512 271 1577 Non
291 1515 430 1577 conferre
447 1512 514 1577 Deo
532 1514 614 1578 velut
632 1513 853 1597 aequiparabile
870 1514 1029 1597 quidquam

200 1598 307 1663 Ausim
325 1619 382 1661 nec
399 1597 530 1662 Domino
548 1599 690 1662 lamulurn
708 1618 876 1682 conponere
894 1598 1029 1681 signum=

115 1701 149 1752 80
199 1682 253 1746 Ex
270 1683 399 1746 minimis
417 1685 469 1746 sed
488 1685 603 1766 grande
620 1704 705 1747 suum
723 1685 820 1747 voluit
835 1682 928 1747 Pater
945 1684 1010 1767 ipse

201 1765 382 1832 Coniectare
399 1767 551 1846 homiues,
568 1767 674 1850 quihus
692 1769 786 1831 ardua
803 1769 903 1832 visere
921 1790 982 1830 noo
1000 1780 1059 1834 est..

200 1851 369 1917 Parvorum
387 1852 508 1934 speculo
526 1873 588 1915 non
603 1852 757 1922 intellecta
775 1860 929 1931 notamus,

88 2005 94 2017 ,
199 1936 242 2000 Εο
260 1938 348 2000 datur
365 1938 512 2000 coeultum
531 1957 586 2023 per
602 1938 739 2022 proxima
760 1958 905 2020 quaerere
922 1958 1040 2001 verum.

199 2019 298 2086 Nemo
318 2023 391 2085 duos
408 2023 505 2101 soles,
526 2022 585 2085 nisi
603 2023 658 2085 sub
678 2023 880 2106 glaucomate,
899 2022 990 2099 vidit3

116 2125 148 2175 85
203 2109 265 2169 Aut
283 2106 310 2170 si
328 2108 412 2170 lusca
429 2107 528 2191 polum
546 2107 667 2170 suffudit
685 2107 763 2191 palla
781 2126 937 2181 serenum,

202 2189 364 2275 Oppositus
383 2192 522 2274 quotiens
539 2191 691 2254 radiorum
709 2190 824 2273 spicula
841 2191 960 2253 nimbus

199 2274 276 2359 Igne
293 2296 471 2360 repercusso
487 2276 629 2338 mentitos
647 2275 762 2358 spargit
779 2274 809 2336 in
828 2275 926 2338 nrbes.

201 2360 280 2424 Sunt
298 2361 405 2425 animis
423 2361 512 2425 etiarn
525 2381 585 2424 sua
604 2360 704 2423 nubila
724 2379 846 2422 crassus
864 2369 895 2422 et
912 2380 981 2423 aer:

200 2445 258 2511 Est
276 2446 448 2529 glaucoma,
468 2446 562 2510 aciem
581 2445 659 2528 quod
677 2445 808 2528 tegmine
826 2446 907 2507 velat
924 2464 1038 2528 aquoso

115 2548 148 2599 00
201 2529 313 2595 Libera
331 2552 369 2594 ue
387 2542 523 2594 tenerum
542 2541 679 2614 penetret
696 2529 848 2593 meditatio
867 2531 997 2604 caelum,

199 2615 286 2680 Neve
307 2615 401 2679 Deum
421 2615 533 2698 rapidis
551 2614 734 2697 conprendat
753 2613 891 2677 sensibus
908 2614 1009 2681 unum.

199 2698 360 2784 Spargitur
375 2700 407 2762 in
426 2700 530 2763 bifidas
548 2699 700 2762 malesana
718 2698 846 2762 intentio
864 2698 962 2779 luces,

199 2783 241 2847 Et
258 2785 389 2869 duplices
407 2784 534 2868 geminis
552 2785 725 2848 auctoribus
744 2784 858 2847 extruit
875 2804 957 2847 aras.

201 2868 234 2932 Si
254 2871 311 2932 duo
329 2880 400 2933 sunt
415 2869 525 2953 igitur,
545 2890 601 2933 cur
617 2891 677 2932 oon
695 2879 766 2932 sunt
783 2870 874 2932 multa
893 2868 1026 2932 Deorum

115 2973 147 3022 95
198 2951 302 3031 Milia,
323 2975 377 3016 cur
394 2974 519 3016 numero
537 2954 632 3016 deitas
650 2963 791 3016 contenta
810 2954 937 3035 gemello
955 2958 1021 3018 esti

199 3038 250 3100 An
269 3058 329 3099 non
346 3038 379 3100 in
396 3037 520 3120 populos
538 3037 672 3123 dispersa
690 3037 830 3101 examina
849 3038 949 3103 divum

198 3121 337 3185 Fundere
356 3133 423 3186 eret
438 3122 561 3198 melius,
580 3123 780 3205 mundumque
795 3123 911 3208 inplere
928 3143 1067 3207 capacem

200 3206 346 3271 Semideis
365 3207 475 3292 passim
494 3207 575 3270 nullo
594 3208 766 3272 discrimine
783 3208 943 3286 monstris,

200 3291 277 3372 Quis
294 3294 359 3354 lere
377 3292 531 3356 barbaries
550 3293 700 3376 perituros
718 3303 830 3356 mactat
847 3294 998 3356 bonores?
1102 3328 1106 3337 ·

117 3391 164 3445 100
199 3373 332 3438 Dissona
349 3376 509 3439 discretum
527 3378 660 3442 retinent
676 3378 702 3440 si
721 3378 843 3440 numina
861 3378 992 3440 caelum=

200 3458 351 3525 Convenit
368 3471 399 3524 et
416 3461 532 3525 nebulis
549 3473 580 3525 et
598 3462 729 3526 lontibus
747 3473 779 3524 et
794 3462 933 3526 reboanti

200 3542 323 3608 Oceano
340 3557 372 3610 et
388 3546 474 3610 silvis
492 3557 523 3611 et
540 3546 665 3610 collibus
682 3557 714 3610 et
731 3545 897 3631 speluncis,

199 3628 401 3705 Fluminibus,
420 3631 537 3710 uentis,
558 3631 731 3695 fornacibus
749 3642 838 3715 atque
856 3631 983 3695 metallis

196 3715 371 3798 ¹pddsignare
389 3717 460 3779 deos
478 3716 631 3800 proprios,
650 3738 706 3780 sua
723 3718 830 3800 eoique
846 3717 925 3780 iura.

115 3816 163 3868 105
200 3799 258 3865 Vel
275 3801 303 3863 si
321 3802 448 3884 gentiles
467 3802 570 3865 sordet
587 3801 765 3867 venerarier
780 3801 914 3880 umbras,

148 3935 188 3988 08.
197 3939 317 3988 luserunt
325 3937 380 3987 Rat.
390 3938 466 4001 Preg.
475 3934 550 3999 Febr.
561 3936 616 3990 Gis.
626 3942 674 3989 ete.
681 3956 689 3997 ,ε
705 3936 1039 4005 loperltcreoogismoodi
1064 3940 1261 4004 erinaciosor*

113 4005 162 4053 rnt's
173 4007 281 4069 [vagos.
290 4042 296 4055 .
305 4007 419 4070 formos
429 4003 532 4067 Fabr.]‚
547 4004 593 4059 sed
603 4004 846 4059 om.EPlt1Wbiss.
856 3996 991 4057 Pot‘llar.
1001 3953 1149 4058 nti—ct.
1159 4008 1261 4060 resolu-

113 4075 153 4120 tos
162 4073 183 4121 n
192 4071 267 4122 Febr.
274 4074 329 4123 Gis.
339 4073 421 4124 -7ll.
430 4073 664 4134 reservassent,
675 4072 721 4124 sed
730 4073 772 4124 vd.
784 4073 848 4134 S.ll,
858 4073 1005 4125 ott-75.
1014 4074 1156 4125 indicenti
1163 4088 1190 4126 m
1201 4078 1259 4127 tter.

114 4138 171 4188 Gis.
180 4140 274 4190 Wettz.
285 4167 318 4176 -
331 4140 373 4192 77.
388 4144 502 4192 mixtum
509 4140 571 4191 Ald.
585 4167 619 4178 -
632 4141 675 4191 85.
684 4141 847 4206 mffooditm
856 4144 914 4193 Ret.
926 4142 981 4194 Gis.
989 4143 1094 4204 weita..
1101 4143 1191 4210 plaga
1199 4146 1260 4195 u-

113 4207 156 4257 80.
175 4207 243 4257 celet
256 4208 342 4263 OWm
355 4211 413 4261 ltut.
428 4211 521 4263 fletus.
537 4207 594 4270 Ar..
612 4208 684 4259 uelat
695 4210 756 4260 Pnt.
766 4210 864 4262 Weiss.
879 4217 928 4263 etc.
946 4242 982 4253 -
998 4212 1041 4263 aa.
1059 4211 1259 4277 molestato!-

113 4273 155 4326 tt.
169 4273 238 4326 Sunt
246 4276 312 4339 dato,
331 4283 394 4329 aaa
406 4279 450 4329 ΕΡ
462 4280 526 4330 Dav.
540 4277 607 4340 Gis..
627 4276 658 4328 Si
666 4277 718 4328 dato
731 4285 793 4330 cet:
817 4295 869 4330 noa
876 4286 949 4343 emt]
967 4281 1055 4332 uuis.
1064 4280 1156 4333 Welta.
1167 4280 1259 4331 ctum.

112 4341 170 4403 Aa,
184 4344 237 4394 rint
245 4352 294 4396 cet.
307 4372 342 4383 -
356 4345 415 4396 tut.
425 4362 518 4412 propr.
531 4346 709 4412 elementaque
721 4350 794 4398 ruric
807 4349 1006 4412 [tradedimus]
1019 4348 1133 4400 Dividere·
1145 4349 1261 4403 minis

111 4411 233 4464 addicere
241 4412 381 4478 sigillatim
392 4412 441 4464 Vel
448 4416 533 4477 Ttrr.‚
545 4417 604 4465 iura
614 4418 708 4482 coique
718 4415 773 4469 Gls.
784 4445 815 4457 -

260 4518 269 4553 l
