2752 4854
166 261 228 326 180
575 260 644 319 Aur.
665 259 809 320 Prudentil
829 261 920 321 Claro.

248 426 283 493 si
300 427 383 513 potui
400 426 536 493 manibus
554 426 711 491 Gallorum
729 390 834 490 excisa
851 428 954 492 levare

249 511 297 576 tte
315 512 448 576 cinerum
466 511 605 594 squalore
623 522 724 596 eaput,
740 513 885 575 redeunte
904 509 1030 576 Camillo

248 596 343 681 Signa
360 597 508 660 renidenti
527 597 645 659 fumans
662 597 689 659 si
708 597 807 658 fronte
824 597 940 680 recepi,

209 727 219 750 .
246 680 280 745 si
298 682 379 765 potdi
397 681 523 744 miseras
540 681 630 744 sertis
648 681 788 743 redimire
806 680 909 743 ruinas

162 783 212 839 725
246 764 289 829 Et
306 766 382 828 male
400 766 562 849 pendentes
579 765 666 828 lauro
683 765 878 848 praecingere
896 766 1013 829 turrds=

145 858 149 865 “
247 851 315 933 Quo
333 860 363 935 te
381 849 540 933 suscipiam
559 850 689 933 gremio,
710 849 872 912 fortissime
889 849 1042 934 princeps,

248 935 332 1017 Quos
351 954 490 1018 spargam
508 934 614 1009 dores,
632 933 740 1016 quibus
758 934 912 996 insertabo
930 935 1053 997 coronis

245 1019 349 1092 Atria,
368 1039 444 1101 quae
463 1019 549 1081 festis
566 1019 748 1103 suspendam
761 1018 851 1101 pallia
867 1019 981 1102 portis,

245 1102 382 1165 Inmunis
400 1102 476 1166 tanti
493 1102 579 1178 belli,
600 1124 635 1165 ac
653 1113 798 1165 testante
816 1101 872 1165 sub
890 1104 981 1165 armis
1136 1172 1138 1179 ¹

160 1207 210 1257 700
244 1186 357 1251 Libera
375 1197 405 1250 et
423 1198 585 1251 auretenus
603 1186 727 1250 Geticos
743 1197 870 1270 experta
888 1188 1051 1251 tumultus?
1128 1182 1132 1189 ’

245 1270 363 1335 Scaude
380 1271 587 1355 triumphalem
605 1291 743 1350 currum,
761 1272 922 1355 spoliisque
939 1272 1068 1356 receptis

245 1354 314 1419 Huc
333 1353 455 1419 Christo
474 1355 634 1419 comitante
653 1357 736 1419 veni:
757 1356 825 1418 date
841 1357 964 1421 vincula
980 1359 1096 1421 demam

247 1438 383 1523 Captivis
400 1441 559 1524 gregibus,
578 1440 712 1503 manicas
730 1440 867 1524 deponite
884 1441 975 1524 longo

245 1523 348 1589 Tritos
367 1524 491 1588 servitio
510 1535 636 1587 matrum
654 1525 854 1608 iuvenumque
871 1536 1025 1589 catervae.

160 1627 209 1679 735
245 1607 388 1673 Dediseat
404 1609 520 1672 servire
538 1628 635 1673 senex
651 1609 725 1672 laris
742 1611 816 1673 exul
833 1610 923 1687 aviti,

244 1691 352 1756 Discat
368 1703 400 1756 et
416 1694 454 1756 ad
471 1693 599 1778 patrium
616 1693 706 1757 limen
725 1695 879 1777 genetrice
896 1714 1021 1758 reversa

244 1776 413 1860 lngcnuum
430 1798 463 1841 se
482 1798 570 1842 nosse
589 1799 673 1861 puer,
693 1779 784 1841 timor
801 1779 897 1841 omnis
915 1778 1036 1841 abestoz

102 1858 105 1863 ’
191 1906 198 1918 =
243 1860 395 1939 Vicimus,
412 1862 550 1925 exultare
566 1862 650 1925 libet.
692 1862 770 1945 Quid
789 1863 849 1925 tale
866 1863 987 1946 repulso

244 1944 415 2010 Poenorum
432 1947 586 2029 quondam·
599 1948 672 2010 duce
690 1947 835 2029 contigit?
851 1947 902 2010 ille
920 1947 1030 2031 petitae

91 2106 97 2118 ,
159 2049 208 2102 740
242 2029 403 2114 Postquam
421 2032 591 2116 perculerat
606 2033 781 2095 tremefacta
799 2032 943 2115 repagula
959 2043 1079 2115 portae,

243 2114 368 2179 Baianis
386 2117 536 2179 resolutus
554 2115 639 2197 aquis
656 2115 816 2178 durissima
833 2117 909 2179 luxu

243 2199 367 2263 Robora
384 2199 520 2264 destituit
536 2201 707 2281 ferrumque
723 2199 845 2264 libidine
863 2201 963 2283 fregit.

242 2285 286 2347 At
303 2295 407 2348 noster
424 2284 529 2348 Stilico
548 2304 729 2366 congressus
747 2284 902 2346 conminus
919 2286 984 2367 ipsa

242 2367 293 2432 Ex
312 2369 376 2432 acie
395 2370 509 2432 demeto
524 2367 623 2432 mum
641 2369 713 2431 dare
729 2376 817 2452 terga
835 2369 946 2452 coegit.

157 2470 206 2524 745
242 2452 301 2517 Hie
319 2451 459 2517 Christus
476 2452 564 2516 nobis
580 2451 664 2517 Deus
677 2453 777 2515 adfuit
794 2464 825 2516 ct
841 2473 908 2516 mea
925 2456 1039 2519 virtus:

242 2538 308 2602 Illic
325 2537 486 2616 lascivum,
507 2536 673 2622 Campania
690 2538 814 2616 fertilis,
835 2538 949 2601 bostem

243 2623 375 2686 Deliciae
393 2623 494 2686 vicere
512 2632 597 2685 tuae:
617 2643 678 2684 non
696 2621 828 2706 luppiter
844 2642 944 2685 acrem

171 2738 174 2745 ·
240 2706 381 2770 Protexit
398 2706 538 2786 Fabium,
558 2707 611 2769 sed
627 2706 706 2770 iuvit
721 2726 847 2770 amoena
863 2707 1031 2787 Tarentus,

241 2790 326 2875 Quae
344 2793 424 2855 dedit
440 2791 600 2856 inlecebris
618 2791 760 2855 domitum
778 2792 896 2856 calcare
913 2804 1085 2879 monum.
1189 2844 1193 2852 ,

156 2891 205 2945 750
326 2876 382 2940 llis
401 2898 457 2961 ego
476 2899 529 2962 pro
546 2878 662 2941 meritis
679 2897 756 2960 quae
772 2877 905 2961 praemia
921 2878 1013 2962 digna
1029 2881 1204 2965 rependam,

239 2960 311 3026 Non
329 2961 435 3025 habeo.
480 2961 617 3024 Membra
636 2963 743 3025 statuis
761 2963 901 3047 effingere
919 2963 978 3026 vile
996 2974 1057 3027 est:
1117 3020 1124 3035 ,

240 3046 390 3131 Virtutem
408 3047 451 3109 nil
468 3047 527 3118 vile
546 3048 641 3110 decet:
662 3067 730 3109 nam
747 3047 823 3124 vile,
844 3049 922 3131 quod
940 3060 1024 3111 aetas

238 3128 352 3215 Eripit:
372 3150 444 3193 aera
462 3132 572 3194 cudunt
588 3141 641 3195 aut
657 3132 771 3195 fulvum
789 3132 890 3195 defluit
907 3152 1029 3207 aurum,

239 3216 304 3278 Aut
321 3216 433 3278 candor
447 3216 528 3313 perit
545 3217 678 3302 argenti,
699 3218 725 3280 si
743 3218 837 3281 deluit
853 3237 942 3296 usus,

153 3311 202 3366 755
237 3297 280 3362 Et
297 3299 412 3364 fuscata
430 3310 490 3363 situ
508 3303 676 3385 conrumpit
693 3322 772 3368 vena
789 3303 932 3365 colorem.

237 3384 318 3449 Viva
335 3383 402 3459 tibi,
421 3385 573 3470 princeps,
593 3387 717 3450 debetur
735 3385 844 3470 gloria,
862 3387 965 3449 vivum

238 3467 368 3532 Virtutis
386 3469 527 3553 pretinm,
548 3473 638 3534 decus
656 3471 815 3545 inmortale
832 3481 947 3534 secuto.

235 3551 395 3637 Regnator
412 3556 512 3618 mundi
531 3553 654 3618 Christo
672 3554 826 3618 sociabere
843 3554 875 3617 in
892 3575 1015 3632 aevum,
1133 3606 1136 3611 ,

183 3702 186 3709 ,
237 3636 304 3723 Quo
323 3638 447 3703 ductore
464 3661 561 3704 nreum
580 3639 675 3704 trahis
693 3640 731 3701 ad
749 3639 890 3702 caelestia
908 3661 1047 3724 reguum.

151 3739 202 3792 700
320 3720 373 3787 Nil
390 3734 419 3788 te
438 3733 610 3806 permoveat
627 3723 728 3806 magni
745 3745 808 3786 von
825 3724 971 3803 rhetoris,
990 3747 1062 3802 oro,

88 3804 91 3813 '
236 3806 296 3890 Qui
314 3808 368 3871 sub
385 3809 477 3893 legati
494 3808 593 3893 specie
610 3826 698 3869 saera
714 3818 832 3870 mortua
850 3811 987 3893 plorans,

234 3890 353 3979 lngenii
369 3893 438 3956 telis
456 3906 488 3958 et
503 3891 586 3956 fandi
602 3890 718 3956 viribus
736 3892 841 3970 audet,

182 4030 243 4085 tat.
252 4031 378 4081 renitenti
385 4027 447 4080 Ald.
470 4054 498 4063 -
517 4026 715 4082 tatmtman
732 4060 766 4068 -
784 4027 844 4083 ⁷25,
859 4028 968 4080 loatru'f
983 4060 1018 4070 -
1036 4028 1096 4082 730.
1107 4034 1185 4095 oum]
1196 4029 1293 4084 Amo.

148 4095 242 4179 Weitz.
252 4103 313 4159 ete,
322 4099 389 4165 Alpe
397 4096 479 4148 ERW
488 4095 544 4146 Gis.
556 4094 707 4176 [0100071.
718 4109 789 4147 cons.
800 4096 950 4159 flamm]
961 4099 1087 4181 tumultos
1095 4098 1173 4180 110-
1181 4098 1245 4153 731.
1253 4116 1294 4151 ra·

94 4162 1294 4298 f'ifflff‘iaa]{iigffsssiiionaiisiffliid'issi{131if‘1-'ii’s'f‘lif'viain‘issi

147 4297 211 4352 ald.
221 4299 312 4352 Weitz.
322 4326 355 4339 -
365 4300 425 4352 7111.
434 4303 519 4353 statut
527 4315 542 4354 a
550 4333 584 4343 -
593 4300 651 4353 753.
661 4303 733 4352 cruit
742 4300 798 4354 Gis.
808 4301 842 4353 11.
853 4328 886 4340 —
895 4300 956 4353 757.
965 4306 1083 4353 seminem
1092 4301 1187 4357 Weitr.
1200 4333 1230 4344 -

181 4416 241 4470 718.
252 4416 291 4469 Cl·
302 4415 368 4469 tuor.
379 4418 426 4479 11..
439 4420 464 4468 0.
