2744 4852
583 231 766 333 dpotbcosis.
809 296 812 301 ,
1206 234 1248 309 ’lb

192 397 352 464 Conlatum
371 409 418 462 cst
434 399 568 480 animae,
587 399 685 465 subito
703 411 753 480 ut,
769 418 847 484 quse
863 420 923 464 oon
941 411 1023 482 crat,
1042 413 1133 466 essct.

191 481 246 547 Ille
265 495 443 548 coaeternus
461 484 559 565 Patris
576 496 625 548 est
640 497 672 548 et
688 506 806 570 semper
822 485 855 548 iu
871 485 938 570 ipso
1141 492 1145 499 '
1197 505 1246 556 705

189 568 257 632 Νεε
275 571 388 643 iactus,
410 571 462 632 sed
480 580 585 648 natus,
606 570 695 632 babet
711 570 907 654 quodcunque
925 582 1079 655 paternum
1096 582 1155 636 est.

190 653 276 718 Haec
293 654 399 717 similis
417 655 500 717 velut
515 654 622 717 umbra
638 653 698 717 Dei
716 666 772 719 est.
815 655 867 719 Sic
884 656 948 740 ipsc
966 657 1081 720 locutus

189 738 318 815 Faotcr,
337 750 464 821 utroque
482 738 630 801 bominem
648 741 796 802 meditans
813 742 850 804 de
867 742 988 824 figmine
1005 742 1128 806 iunctim
1151 791 1155 799 .

185 823 359 887 Aedificare
377 824 424 886 sui
441 823 583 899 similem,
603 825 656 886 scd
674 825 843 888 nonhabet
861 826 982 904 umbra,
1037 860 1042 875 ι

188 908 276 991 Quod
294 930 402 991 corpus
420 909 563 988 solidum,
583 909 667 972 cuius
684 909 812 972 imitatio
829 910 861 973 iu
879 911 984 974 umbra
1000 921 1064 986 est,
1196 928 1245 978 atto

188 995 289 1076 Atque
307 994 386 1056 aliud
404 1013 509 1056 verum
527 1004 590 1068 est,
609 994 689 1056 aliud
707 994 857 1059 simulatio
874 995 951 1060 veri.
1036 1042 1044 1055 ,

150 1142 153 1147 ,
187 1069 245 1141 Est
262 1076 380 1151 similis,
400 1078 488 1141 seclis
507 1079 582 1161 quod
602 1099 663 1142 non
681 1080 867 1142 consumitur
884 1080 968 1159 ullis,

92 1158 94 1173 '
188 1163 275 1245 Quod
292 1164 411 1246 sapiens
428 1163 558 1246 iustique
576 1183 673 1246 capax
690 1164 854 1247 reginaque
869 1184 974 1228 remam

186 1246 323 1331 inperat,
341 1248 525 1326 antevidet,
543 1249 713 1332 perpendit,
730 1259 906 1332 praecavet,
924 1249 1002 1324 iniit,

188 1331 356 1396 Verborum
374 1353 548 1416 morumque
565 1333 669 1416 opifex
685 1333 892 1417 instructaque
909 1334 989 1397 mille
1194 1350 1242 1401 805

185 1417 313 1480 Artibus
332 1428 363 1480 et
380 1417 494 1481 caelum
512 1439 604 1481 sensu
621 1439 799 1502 percurrere
817 1421 915 1483 docta.
960 1448 974 1488 t

185 1501 244 1565 llis
262 1503 390 1565 animam
409 1503 533 1566 similem
552 1503 610 1567 sibi
621 1504 765 1567 conditor
782 1503 938 1586 effigiavit,

187 1585 317 1651 Caetera
335 1587 524 1650 dissimilem:
545 1588 650 1672 quippe
668 1586 745 1651 banc
763 1589 966 1671 conprendere
984 1595 1149 1671 promptum
1168 1580 1224 1659 est,

187 1670 282 1753 Quam
301 1672 405 1733 modas
424 1682 454 1734 et
471 1672 586 1755 species
603 1673 798 1736 determinat:
818 1681 851 1734 at
866 1670 950 1735 Deus
968 1670 1076 1755 iugens

184 1757 285 1837 Atque
302 1758 478 1839 superfusus
496 1757 699 1819 transomnia
717 1757 760 1818 nil
776 1756 866 1818 babet
881 1757 912 1817 iu
931 1776 966 1819 se
1191 1773 1241 1825 eto

183 1837 380 1919 Extremum,
399 1850 433 1902 ut
449 1839 547 1902 claudi
564 1841 666 1904 valeat
681 1860 812 1904 sensuve
828 1840 938 1903 teneri.

184 1922 389 2008 Inconprensa
405 1935 507 1987 manet
524 1925 640 2002 virtus,
659 1925 708 1988 cui
725 1925 805 1987 linea
823 1924 894 1987 delia

182 2006 310 2088 Ultima,
325 2029 416 2092 quam
435 2008 562 2093 spatium
578 2028 639 2073 non
658 2007 859 2073 mensurabile
874 2007 982 2071 tendit.

182 2091 267 2175 Ergo
285 2093 413 2155 animam
432 2095 540 2156 iactam
558 2114 668 2177 magno
686 2105 716 2157 et
733 2094 1025 2170 factore-minorem,

180 2175 328 2242 Maiortm
349 2198 388 2242 ue
405 2179 579 2262 aliiaatquc
591 2178 734 2241 'omuibus
750 2179 974 2263 inperitantem,
1188 2196 1238 2247 ata

183 2200 366 2346 Cocrnptela
385 2263 480 2347 putris
498 2273 670 2326 nascentem
688 2263 806 2327 turbida
826 2263 926 2326 carnis

182 2344 321 2430 Concipit
338 2367 374 2410 ac
391 2347 532 2411 membris
550 2348 718 2411 tabentibus
736 2348 914 2410 interfusam

179 2430 345 2517 Partioipat
361 2434 398 2495 de
416 2434 499 2495 faece
516 2450 588 2495 sua:
607 2432 753 2497 litmixta
769 2432 877 2495 deinde

178 2516 329 2581 Peccandi
346 2527 455 2580 natura
472 2516 533 2580 luto
551 2538 617 2580 cum
635 2516 767 2600 simplice
784 2516 870 2580 llatu.

158 2626 161 2631 ·
263 2599 325 2666 Sed
342 2603 472 2665 fortasse
489 2602 634 2681 animam,
654 2601 767 2665 domini
783 2601 854 2686 quia
871 2600 960 2665 duxit
975 2601 1015 2665 ab
1032 2622 1100 2676 ore,
1186 2617 1236 2672 aad

180 2683 374 2770 Conpositum
392 2688 560 2769 factamque
577 2707 686 2769 neges,
704 2687 788 2751 velut
803 2687 868 2770 ipsa
885 2685 1044 2769 lleipars,

177 2771 265 2917 guod
284 2770 364 2834 dictu
381 2771 480 2834 scelus
498 2781 559 2845 est,
579 2780 690 2834 uenas
707 2771 809 2833 trabat
825 2771 917 2835 oblita
934 2772 1048 2853 culpas,

208 2867 220 2919 t
237 2876 356 2940 pessum
373 2856 531 2939 dampnata
548 2876 641 2920 ruens
660 2852 762 2920 Cbaos
779 2856 873 2919 intret
890 2865 1037 2938 opertum.

177 2939 227 3003 Sit
243 2960 293 3003 res
311 2938 454 3015 idolici,
473 2962 533 3004 non
552 2941 665 3013 abnuo:
683 2961 754 3026 pars
771 2951 871 3004 tomen
890 2940 943 3003 illa

180 3022 414 3108 Haudquaquam
432 3024 556 3089 dicenda
574 3025 633 3090 Dei
651 3037 711 3101 cst,
730 3046 807 3109 quae
825 3037 958 3109 tempore
976 3023 1083 3106 coepit.
1185 3041 1235 3094 825

176 3106 244 3171 Nec
261 3109 344 3194 prior
362 3120 415 3173 aut
430 3111 550 3188 senior,
569 3131 657 3193 mam
675 3111 801 3196 primum
820 3111 932 3194 plasma
950 3109 1078 3193 putanda
1095 3116 1155 3170 est.

175 3191 263 3265 'lbruo
282 3195 389 3259 etenim
409 3196 518 3256 factam
535 3194 639 3273 video!‚
659 3216 726 3258 cum
743 3196 842 3259 cordis
860 3193 949 3257 amici

175 3275 306 3342 latravit
323 3298 468 3363 germana
484 3280 602 3342 domum
620 3279 740 3364 limique
758 3279 890 3344 recentis
980 3311 982 3315 ·

111 3418 126 3443 ,Ι
175 3360 303 3447 Hospita
321 3364 434 3448 etipsa
451 3384 558 3428 recens
576 3365 713 3429 fraterna
730 3365 807 3430 sedit
823 3365 855 3427 in
872 3362 953 3427 aula.

174 3446 232 3511 llla
249 3447 365 3530 quidem
384 3449 472 3512 llatae
490 3450 602 3513 domiui
619 3460 681 3524 est,
703 3451 753 3514 sed
772 3450 895 3534 spiritus
914 3456 945 3512 et
960 3448 1008 3514 vis
1183 3465 1234 3514 83⁰

172 3530 246 3595 Non
264 3543 310 3595 est
327 3532 414 3617 plena
432 3532 490 3598 bai
506 3545 591 3598 tauto
608 3534 809 3598 moderamine
827 3535 936 3610 missa,

224 3627 297 3680 anto
314 3618 390 3681 ilaus
407 3619 503 3683 voluit
520 3619 610 3682 llandi
628 3639 752 3683 servare
769 3630 916 3682 tenorem.

202 3712 232 3765 st
248 3701 422 3787 inpossibile
439 3714 575 3785 spectare
593 3704 741 3789 protunda
758 3702 899 3770 Sabaoth.

124 3850 184 3907 708.
193 3852 274 3905 Patri
279 3853 374 3906 BFabr.
385 3854 552 3911 Giswcitn:
563 3858 620 3925 ipso
629 3859 697 3909 actB
706 3858 784 3910 Tora.
792 3856 898 3909 ttatt.·-
907 3854 968 3908 708.
978 3852 1109 3915 iunctiid,
1121 3854 1240 3921 ianmb'm¹

96 3917 449 3984 tu.1rasns.,aunemmcet.
460 3953 492 3963 -
502 3924 561 3977 800.
572 3926 707 3977 simultatm
716 3926 794 3978 TGls.
804 3953 838 3962 —
852 3924 973 3990 802,qu
981 3923 1021 3973 Aa
1032 3952 1065 3962 -
1078 3922 1138 3975 aot.
1149 3918 1233 3972 instat

96 3986 145 4041 an.
152 4018 183 4029 -
194 3990 255 4043 808.
265 3992 601 4059 mmptumectEP(c.11‚
611 3994 773 4063 atq-812.
784 3992 876 4044 limina
883 3993 945 4042 R-
953 3991 1013 4041 810.
1018 3988 1228 4042 PcccondoTocr.

94 4054 216 4113 RCaucb.
227 4058 281 4120 cd.,
292 4063 416 4126 peccanti
425 4062 572 4126 cantitant.
584 4063 653 4129 apud
664 4062 767 4121 Waltz„
776 4063 881 4127 peccati
889 4056 1051 4126 (peccantia)
1060 4072 1088 4108 n.
1100 4056 1152 4109 luti
1160 4058 1229 4111 coni.

95 4123 185 4178 Crucb.
193 4151 229 4162 -
238 4126 298 4181 823.
303 4144 389 4194 prosc.
399 4131 422 4180 n
432 4131 494 4180 Dav.
504 4129 579 4180 Fabr.
589 4158 624 4168 -
632 4131 692 4183 824.
702 4130 795 4179 natus
803 4154 836 4163 -·
846 4127 905 4181 827.
915 4124 987 4175 videt
995 4126 1117 4187 concord.
1127 4125 1228 4181 tta.-

94 4192 145 4250 832
154 4194 290 4259 Quantam
298 4196 395 4248 mata.
407 4198 614 4262 waltmscrocre
624 4197 680 4248 Gis.
689 4224 725 4236 -

121 4328 641 4397 tiltnatmmttecntmamtsceturpec
673 4328 932 4397 simplacbocsonsu
941 4332 1224 4400 saepiusuttturpoeta‚

96 4397 187 4449 talisne
197 4399 344 4452 sinceritate
354 4400 407 4455 sire
416 4400 638 4469 integritate.Vcca
672 4399 868 4465 vd.0.11.,ta.
