2744 4852
45 281 48 285 ’
113 254 174 320 170
517 254 586 316 Aur.
605 253 752 314 prudentii
770 253 859 313 Clem.

196 422 323 484 Frustra
341 421 434 504 igitur
451 420 562 496 solitis,
583 441 675 505 prava
694 421 880 497 observatio,
899 420 1055 493 inhaeres,

196 505 266 570 Non
285 518 332 569 est
349 528 412 568 mos
431 506 546 589 patrius
563 512 654 588 quem
668 505 785 590 diligis,
805 505 953 590 improba,
973 509 1116 569 nonest!

112 609 161 660 ato
281 589 339 654 Sed
358 591 465 654 sollers
483 602 588 654 orator
604 591 659 653 ait:
676 591 809 654 fataliter
826 591 930 653 urbem

176 713 179 718 ·
197 675 357 751 Sortitam‚
377 697 505 758 quonam
524 674 613 759 genio
631 675 780 760 proprium
798 676 904 758 exigat
920 695 1040 739 aevum.

197 759 322 824 Cunctis
340 780 409 823 nam
426 760 554 845 populis,
573 782 627 824 sen
644 761 799 824 moenibus
815 760 944 835 inditur,
964 761 1079 842 inquit,

197 847 260 907 Aut
279 847 370 908 fatum
389 856 441 908 aut
459 847 564 926 genius
582 856 753 908 nostrarum
772 867 855 908 more
873 845 1058 918 animarum,

196 929 282 1012 Quae
299 930 354 993 sub
373 930 506 1014 disparili
523 931 652 994 subeunt
669 951 748 993 nova
765 950 892 1014 corporo
909 940 1001 993 sorte.

114 1034 162 1085 oto
284 1013 347 1077 fam
365 1015 508 1098 primum,
528 1016 578 1098 qui
596 1015 636 1078 sit
653 1016 759 1098 genius
775 1016 826 1079 vel
842 1015 894 1097 qui
910 1025 1007 1077 status
1025 1015 1069 1076 iffi

198 1097 361 1183 Conpetat,
381 1099 506 1182 ignoro,
524 1101 594 1182 quid
612 1100 706 1184 possit
722 1110 753 1162 et
769 1101 848 1162 uude
865 1099 996 1173 orietur,

197 1183 327 1267 Spiritus
344 1182 483 1247 informis
500 1185 566 1247 siue
583 1205 710 1268 corporo
728 1186 863 1249 formave
882 1194 913 1246 et
929 1185 990 1247 ulla

198 1266 246 1332 Sit
262 1268 375 1351 speeies
394 1278 424 1331 et
441 1268 510 1351 quid
527 1270 642 1350 sapiat,
662 1289 738 1351 quae
756 1284 880 1332 munera
898 1278 994 1332 euret.

199 1350 314 1415 Contra
332 1353 447 1416 animas
466 1354 616 1416 bominum
635 1354 721 1417 venis
738 1353 878 1417 vitalibus
895 1352 978 1416 intus

113 1456 162 1506 aso
198 1436 249 1501 Sie
266 1439 429 1500 interfusas
447 1438 605 1520 intellego,
624 1438 748 1520 sanguis
767 1449 800 1500 ut
816 1459 858 1500 ex
876 1438 922 1500 bis

197 1522 335 1606 Aeeipiat
351 1532 522 1605 motumque
537 1523 634 1586 levem
651 1533 846 1606 tenerumque
863 1543 1022 1606 vaporem:

197 1605 284 1671 Unde
301 1607 464 1690 pererratis
477 1618 603 1691 vegetet
620 1608 795 1691 praeeordia
812 1607 966 1680 membris,

198 1689 321 1774 Frigida
339 1692 515 1766 sueeendat,
535 1694 616 1774 riget
632 1693 730 1767 arida,
751 1693 825 1755 dnra
843 1692 970 1755 relaxet

198 1773 249 1840 Sie
268 1777 395 1839 bominis
412 1777 506 1841 vitam
523 1777 582 1840 sibi
598 1788 744 1861 temperat
760 1787 849 1858 atque
868 1777 1017 1859 gubernat

113 1879 162 1929 385
198 1860 307 1923 Vivida
325 1882 424 1936 mens,
445 1882 531 1944 quam
550 1873 583 1926 tu
600 1863 668 1924 fietu
687 1883 856 1945 conponere
873 1872 999 1944 temptas

196 1942 401 2009 Membrorum
420 1947 523 2029 genio,
541 1947 590 2029 qui
609 1967 753 2028 nusquam
772 1958 820 2009 est
836 1967 892 2009 nee
912 1947 968 2008 fuit
984 1967 1127 2028 unquam.

79 2068 84 2075 ·
197 2029 278 2112 Quin
296 2041 327 2093 et
343 2032 517 2114 corporibus
535 2042 637 2095 versat
654 2052 738 2094 mens
756 2031 830 2095 viva
844 2030 984 2112 regendis

196 2114 351 2177 Summum
369 2116 541 2188 eonsilium,
561 2116 620 2176 fida
637 2125 670 2177 ut
688 2116 817 2178 tutacula
837 2114 922 2176 nudis

197 2198 398 2281 Invalidisqne
415 2208 516 2280 paret,
535 2199 694 2264 metuenda
711 2199 950 2281 pericularitet,

113 2302 162 2353 399
196 2282 277 2347 Utile
295 2283 469 2366 prospiciat,
486 2282 589 2346 venias
606 2285 738 2367 agitetur
754 2284 792 2346 ad
809 2292 907 2360 ortes,

199 2365 375 2446 Consultet‘,
395 2367 444 2430 eui
462 2388 495 2430 se
514 2366 633 2431 domino
650 2367 821 2447 submittat,
840 2378 869 2431 et
888 2366 971 2430 orbis

197 2450 292 2533 Quem
311 2462 394 2536 putet
411 2464 578 2527 auctorem,
597 2474 685 2536 quem
702 2464 803 2516 rernm
821 2472 936 2515 summa
953 2464 1109 2535 sequatur.

197 2539 240 2598 At
258 2548 326 2599 tuus
345 2538 393 2600 bie
409 2537 493 2600 urbis
512 2538 633 2620 genius,
654 2538 736 2600 dieas
754 2539 836 2611 volo,
855 2538 973 2618 quando

197 2618 304 2704 Coepit
321 2621 416 2684 adhue
433 2642 544 2704 parvae
562 2623 687 2704 primum
706 2642 739 2684 se
757 2621 914 2683 infundere
932 2619 1064 2694 Romae,

113 2724 161 2776 395
197 2703 303 2768 Fluxit
320 2705 356 2767 ab
375 2705 515 2769 uberibus
533 2725 693 2768 nemorosa
710 2706 742 2767 iu
759 2707 839 2769 valle
856 2706 982 2788 lupinis,

196 2788 390 2872 Infantesqne
409 2790 498 2863 aluit,
517 2791 584 2852 dum
602 2791 738 2853 naseitur
754 2791 833 2874 ipse,
852 2790 1013 2874 gemellos?

196 2875 245 2937 An
265 2896 331 2938 enm
349 2875 518 2938 vulturibus
534 2875 665 2938 volitans
682 2875 785 2956 ignota
804 2896 859 2956 per
876 2895 965 2937 auras

197 2958 310 3023 Umbra
328 2959 513 3042 repentinam
530 2959 626 3021 traxit
644 2959 680 3021 de
697 2958 775 3021 nube
793 2960 940 3042 figuram?

199 3040 385 3108 Culminibus
403 3043 526 3106 summis
544 3043 642 3119 sedet,
661 3063 701 3106 au
718 3045 883 3127 penetralia
901 3064 1029 3108 servans

113 3147 162 3197 a00
197 3126 332 3192 Instituit
347 3149 447 3190 mores
466 3137 496 3191 et
512 3127 581 3191 iuro
597 3128 730 3191 forensia
748 3128 868 3191 eonditf

197 3214 247 3276 An
267 3225 434 3276 castrorum
453 3213 541 3276 etiam
560 3214 650 3276 fossis
667 3213 847 3292 intervenit,
868 3233 955 3276 aeres

198 3294 289 3379 Cogit
307 3298 342 3359 ad
362 3317 446 3359 arma
463 3299 563 3371 viros,
582 3298 664 3361 lituis
682 3298 756 3373 eiet,
776 3308 865 3382 urget
881 3299 913 3360 in
932 3298 1065 3361 bostem?

197 3379 284 3462 Quae
302 3381 367 3463 quis
386 3403 445 3443 non
463 3382 565 3446 videat
581 3382 747 3466 sapientum
765 3384 855 3466 digna
874 3383 1040 3446 eaebiuuof

198 3465 363 3548 Fingamus
381 3476 481 3529 tamen
499 3489 567 3530 esse
584 3467 730 3550 aliquam,
751 3489 828 3550 quoe
845 3469 918 3531 talia
936 3478 1037 3540 curet,

113 3570 162 3621 aot
197 3549 339 3614 Umbram
358 3551 422 3616 sive
440 3552 586 3628 animem,
606 3571 765 3636 perquam
782 3553 950 3637 respubliea
967 3553 1059 3616 fatum

113 3689 203 3740 elenen.
218 3689 257 3740 Ra
272 3685 382 3748 Canen,
402 3692 539 3738 externum
551 3689 633 3752 migr.
651 3686 709 3739 dev.
724 3688 792 3740 coni.
805 3689 910 3752 Heius„
931 3691 986 3739 eet.
1000 3687 1085 3739 micat
1099 3685 1211 3754 (nimam
1221 3685 1249 3754 Ε)

112 3774 169 3808 neu
180 3756 218 3822 Α,
229 3758 286 3808 orb.
296 3756 360 3809 Δ·
369 3754 428 3807 379.
439 3752 503 3818 Sed]
513 3754 797 3819 somnulentiae,
808 3757 846 3807 At
853 3757 909 3807 Gis.
920 3757 1013 3809 Waltz.
1024 3754 1072 3806 ur.
1080 3755 1250 3818 :joeleu-
1262 3760 1266 3771 “

112 3826 172 3879 379.
183 3831 211 3877 et
218 3825 284 3892 quid
291 3824 363 3883 Gis..
373 3828 475 3889 etpoes.
485 3821 548 3875 Ald.
558 3853 592 3864 --
602 3823 794 3889 diffinitone
802 3824 864 3876 ΔΜ.
875 3823 958 3886 Gall.;
969 3829 1008 3887 et]
1016 3824 1157 3876 summa
1165 3825 1250 3876 Heius.

111 3892 171 3958 An,
182 3906 216 3945 aa
225 3896 246 3945 P
255 3892 317 3945 Atd.
329 3892 386 3943 Gis,
396 3892 488 3943 Wefta.
500 3891 563 3943 eetl.
574 3890 651 3954 uolt,
660 3892 709 3944 itta
717 3893 761 3944 ΕΡ
770 3923 805 3933 -
819 3890 1087 3948 3791999111,-
1102 3892 1166 3944 386.
1176 3892 1253 3945 Mm-

112 3964 198 4026 dror.]
211 3962 259 4014 nu
273 3968 322 4013 eto.
335 3959 398 4013 tu.
414 3959 471 4011 Gis.
484 3958 541 4023 An,
557 3959 694 4013 Mworum
706 3962 750 4012 nu
762 3961 832 4013 Rott.
849 3961 883 4012 11.
898 3960 995 4012 Caueb.
1008 3960 1102 4011 Weitz.
1116 3960 1213 4013 Heius.
1224 3987 1253 4001 ·-

112 4030 172 4081 391.
183 4028 405 4081 CorosuletetBW
415 4025 486 4079 Sieb.
494 4057 529 4069 -
537 4029 595 4080 392.
604 4033 749 4094 moneamur
758 4026 905 4080 tTAld.-
913 4029 974 4080 398.
983 4028 1253 4094 repentaneuuouu

112 4098 182 4148 nott.
193 4099 239 4159 ll.,
250 4098 381 4165 repentini
389 4093 436 4146 au
449 4124 483 4134 -
501 4095 561 4147 399.
570 4103 689 4160 seruans]
703 4094 803 4147 trust.
815 4095 848 4146 af.
858 4098 937 4148 Torn.
948 4097 1038 4149 Weftz.
1050 4095 1128 4157 Gall,
1139 4098 1254 4148 amatu

113 4170 162 4217 etc.
172 4192 206 4233 -.
215 4165 276 4219 499.
285 4166 364 4228 lineo]
373 4162 549 4216 nonomen.
561 4164 640 4215 lituos
648 4166 692 4229 El,
704 4165 779 4216 tinus
788 4164 862 4226 edd.;
874 4168 940 4216 sciet
949 4164 1009 4216 odd.
1020 4163 1130 4230 aliquot.
1139 4195 1176 4206 -

147 4280 198 4334 3⁷5
215 4295 276 4346 sqq.
293 4282 361 4344 lum]
379 4281 664 4348 edomuerunt:
696 4283 915 4350 populissntolee
926 4287 1001 4348 gerois·
1014 4283 1179 4336 diuideretur.
1202 4285 1256 4335 fle-

115 4350 210 4402 Vorios
226 4349 345 4400 melodos
361 4351 471 4400 orbitus
487 4366 558 4402 meru
576 4351 667 4402 diuma
701 4351 767 4404 ruld.
778 4352 918 4406 ndAruob.
929 4355 951 4405 1.
962 4368 989 4419 p.
1001 4354 1042 4404 15.

114 4418 263 4481 distribui&
278 4422 309 4468 nt
326 4418 430 4468 atrimae
448 4420 614 4470 nascentibus
630 4421 670 4471 ito
