2744 4852
522 229 594 290 Aur.
612 229 759 303 Prudentii
777 185 884 325 Clam,

280 444 284 451 ,
343 392 417 477 Qui,
436 395 504 458 dum
522 415 651 482 corpora
668 400 886 463 concremanda
903 399 1006 479 solvit,

283 478 450 543 Ferventes
468 480 584 544 animas
602 503 704 546 amore
722 483 798 547 lucis
1032 490 1036 494 ’

282 563 392 628 Fracto
411 565 543 628 carceris
560 567 714 651 expedivit
730 579 829 631 antro.

343 646 472 712 Certant
482 651 595 714 ‘officiis
611 650 651 734 pii
669 652 804 732 sodales,

281 733 398 797 Plantis
416 734 616 800 calceamenta
633 736 785 807 dissolutis

281 817 401 882 Pronus
417 818 574 882 detrahere
591 821 729 883 studebat
745 842 837 884 unns:
994 885 1000 895 ,

344 901 405 967 Sed
422 913 545 967 sanctus
562 914 645 970 vetat
662 926 716 968 ora
733 904 918 969 Fructuosus

281 987 431 1052 Inclinato
448 988 557 1072 premi:
578 988 785 1068 „Faeessite“
805 990 902 1074 inquit
944 986 946 990 ’

283 1071 359 1153 „Ne
377 1084 517 1136 nostram
529 1085 638 1157 gravet
653 1074 813 1158 obsequela
830 1086 968 1140 mortem.

344 1157 485 1239 „Atquin
502 1157 668 1242 ipsemeos
685 1162 774 1243 pedes
791 1161 957 1237 resolvam,

284 1239 359 1321 „Ne
376 1242 503 1325 vestigia
522 1244 693 1327 praepedita
710 1244 818 1309 vinclis

283 1324 419 1406 ,·,Tardis
432 1327 591 1410 gressibus
608 1328 732 1391 inruant
748 1328 780 1391 in
797 1329 909 1412 ignem.

344 1408 437 1490 „Cur
453 1411 584 1474 lamenta
600 1412 703 1495 rigant
719 1433 813 1496 genas
830 1415 1001 1491 credentes,

285 1492 377 1576 „Cur
393 1496 488 1560 vestri
503 1516 618 1560 memor
634 1507 668 1559 ut
684 1495 763 1572 liam,
780 1498 916 1580 rogatis?

284 1579 438 1662 „Cunctis
455 1601 509 1665 pro
526 1574 640 1664 populis
657 1582 772 1665 rogabo
790 1579 991 1663 Christumff

343 1666 405 1728 Vix
421 1666 494 1729 baec
512 1666 660 1745 ediderat,
678 1667 800 1729 relaxat
816 1667 880 1751 ipse

284 1750 462 1814 Indumenta
479 1750 602 1833 pedum,
619 1750 704 1815 velut
720 1749 845 1839 Moyses

140 1816 145 1826 ¹
196 1859 202 1871 ,
282 1828 440 1920 Quondam
457 1835 573 1898 lecerat
588 1834 626 1901 ad
642 1834 747 1899 rubum
765 1835 978 1934 propinquans.

114 3795 163 3848 110

206 1988 208 1993 ,
227 1981 230 1984 .
343 1918 414 1984 Non
433 1919 550 1983 calcare
567 1940 685 1983 sacram
703 1931 914 1986 crematmnem

257 2004 348 2068 'Aut
364 2005 484 2067 adstare
501 2002 571 2093 Deo
586 2004 668 2089 prius
685 2004 810 2086 licebat,
906 2081 910 2090 .

283 2089 382 2171 Quam
398 2088 528 2172 vestigia
545 2109 620 2173 pura
637 2089 815 2174 figerentur.

344 2170 452 2238 Stabat
468 2173 549 2237 calce
566 2193 664 2236 mera:
684 2176 811 2238 resultat
828 2195 898 2238 ecce
956 2194 967 2209 ··

284 2254 378 2322 Caelo
396 2256 518 2342 spiritus
535 2266 569 2320 ct¹
583 2258 659 2320 serit
674 2257 838 2340 loquelam,

284 2340 369 2425 Quae
387 2353 511 2405 cunctos
527 2342 696 2406 tremefecit
711 2342 883 2406 audientest
1015 2394 1019 2406 .

344 2425 442 2506 „Non
460 2437 522 2506 est,
541 2426 668 2500 credite,
687 2446 798 2510 paena,
818 2448 907 2511 quam
925 2427 1048 2515 videtis,

284 2509 396 2659 ”idm
413 2522 522 2595 puncto
540 2511 623 2575 tenni
640 2514 732 2575 citata
748 2513 871 2576 transit:

284 2642 307 2674 „
342 2617 376 2657 ec
393 2597 486 2658 vitam
503 2595 583 2678 rapit
599 2595 666 2674 illa,
687 2596 739 2658 sed
757 2598 912 2660 reformat.

345 2676 489 2757 „Felices
506 2679 637 2754 animae,
655 2680 761 2762 quibus
780 2681 951 2765 perignem

285 2761 403 2844 „Celsa
420 2764 566 2827 scandere
583 2764 709 2848 contigit
725 2765 874 2840 tonantis,

285 2846 399 2931 „Quas
414 2847 483 2911 olim
502 2848 598 2932 lugiet
614 2849 754 2933 perennis
771 2849 892 2932 ignis.“

360 2930 445 2996 llaec
462 2933 559 3011 inter,
579 2933 690 3014 rapidis
709 2934 793 2996 focos
812 2945 968 3019 crepantes

282 3014 402 3079 latrant
418 3016 555 3100 passibus
573 3017 773 3080 etminantur
789 3017 862 3102 ipsis

211 3146 213 3152 s
283 3100 484 3164 Flammarum
501 3101 713 3185 trepidantibus
731 3103 868 3164 caminis.

341 3183 451 3248 Naxus
469 3184 609 3268 denique,
629 3185 679 3268 qui
697 3190 973 3252 manns'retrorsus

282 3267 317 3331 ln
335 3280 454 3353 tergum
471 3280 689 3333 revocaverant
705 3270 874 3349 revinctas,

283 3351 402 3415 Intacta
420 3365 487 3418 cute
505 3353 644 3417 decidunt
660 3354 768 3435 adusti,
822 3352 828 3359 ’

343 3436 414 3501 Nou
433 3457 504 3501 ausa
523 3448 570 3501 est
586 3437 838 3522 cobibercpaena
855 3440 967 3522 palmas

282 3519 318 3584 ln
337 3543 450 3585 morem
469 3522 566 3585 crucis
583 3523 621 3585 ad
637 3520 759 3585 Patrem
776 3524 936 3598 levandas,

282 3603 383 3670 Solvit
399 3607 535 3681 braebia,
553 3626 629 3689 quae
648 3605 744 3670 Deum
763 3618 945 3691 precentur.-

342 3690 515 3754 Priscorum
534 3691 683 3775 specimen
700 3692 797 3755 trium
808 3704 945 3777 putares,

283 3772 366 3923 3⁰⁰⁸
385 3774 454 3837 olim
474 3771 689 3860 babylonicum
708 3797 762 3860 por
778 3798 878 3860 ignem

245 3913 249 3919 .
268 3894 272 3899 -
310 3870 449 3924 antentes
465 3859 579 3944 stupuit
596 3871 727 3924 tremens
745 3871 905 3946 tyrannus.
920 3912 924 3921 ,

147 3995 189 4049 to.
207 3999 373 4047 concremata
383 3994 708 4058 OTbmaAmbr.lieins.,
724 3997 909 4060 cremandolt,
925 3999 1200 4054 concremandabett.

112 4060 156 4116 72.
167 4062 313 4131 capedivit]
322 4060 447 4130 Altltpqa
455 4062 518 4115 ΔΜ.
528 4071 586 4126 ete,
602 4064 740 4130 expediret
747 4064 851 4118 BHTW
860 4065 912 4117 aba
915 4067 1071 4123 Heinsdr.
1093 4098 1123 4110 —
1142 4064 1200 4122 tal

112 4126 250 4191 AWeltz„
261 4129 321 4181 sort.
330 4145 458 4182 verum-
467 4132 509 4183 83.
519 4131 634 4182 stemab
642 4131 705 4183 ald.
717 4130 773 4182 Gis.
783 4162 812 4171 -
824 4133 867 4185 87.
877 4135 1056 4199 rudmmE-
1066 4137 1109 4188 91.
1119 4149 1200 4190 maror

111 4194 271 4315 213&szss
280 4198 382 4251 credita
391 4200 453 4250 Τ-
464 4199 522 4252 101.
534 4203 590 4268 ipso
600 4213 646 4251 ma
655 4200 712 4252 Gis.
721 4227 755 4239 -
765 4201 826 4256 102.
836 4217 908 4270 crcp.
917 4203 980 4254 lt-
989 4203 1050 4257 104.
1059 4205 1200 4260 Imm}

145 4378 547 4450 8d.ttopece]1txoa.vn,5.-
737 4388 1018 4452 ledemallum.
