2744 4852
641 265 734 347 Caput
750 265 774 328 l.
1244 289 1264 329 v

116 434 148 498 in
166 455 225 518 quo
243 433 422 498 sententiam
441 433 477 498 dc
498 434 634 498 trinitate
656 435 832 499 catholicam
851 445 956 498 cantra
974 434 1142 499 haereticos
1161 436 1263 499 dalon-

118 520 219 600 aad).
262 519 336 584 inde
354 520 432 583 enim
452 540 468 581 a
490 543 519 583 v.
540 523 571 585 1.
592 522 740 602 usquead
759 543 789 583 v.
811 522 884 587 176.
906 530 1023 584 caretro
1041 542 1111 598 aas,
1132 523 1189 606 qui
1199 543 1263 606 pa·

119 615 199 668 trem
213 626 349 689 passam
367 624 437 668 ecoe
457 603 684 688 affirmant¹4),
704 606 749 668 sie
767 606 911 689 disputat:
931 604 1024 669 Pater
1040 607 1100 690 pati
1120 628 1180 669 uon
1200 617 1264 690 pot·

118 701 186 768 est,
211 691 281 773 quia
307 691 434 775 primum
460 689 575 752 Ioanne
601 700 723 752 auctore
751 694 793 774 (v.
813 695 863 773 9.)
889 691 1049 765 invisibilis
1076 703 1142 769 est,
1167 712 1263 774 neque

117 795 247 858 unquam
274 776 305 838 in
332 785 414 837 terra
440 775 591 858 apparuit,
619 774 671 838 sad
693 773 788 839 Filius
816 780 857 857 (v.
876 778 957 858 23.)
1001 772 1063 839 Per
1084 776 1161 839 hunc
1184 777 1264 839 enim

117 859 226 938 Pater,
251 860 421 923 maiestas
439 880 527 943 pura
545 870 581 922 et
598 858 768 934 infinita,
789 859 957 924 hominibus
981 871 1028 924 est
1049 864 1216 946 patefactus
1234 873 1265 923 ct

117 945 175 1008 illa'
186 943 245 1008 Dei
263 945 466 1008 manifestatio
487 943 631 1008 Verbum
649 942 776 1026 (λόγος)
794 956 937 1022 vocatur,
961 948 1038 1029 quod
1057 946 1183 1009 hominis
1203 947 1264 1008 lor-

117 1051 194 1092 mam
212 1028 255 1094 N.
271 1029 310 1092 Τ.
331 1030 441 1103 induit,
469 1040 573 1092 vetere
595 1041 692 1093 autem
712 1031 806 1094 variis
828 1030 858 1092 in
878 1031 983 1114 liguris
1002 1031 1139 1115 apparuit
1164 1033 1261 1111 (45...

118 1113 247 1198 72.)¹5).
289 1112 407 1177 Deinde
424 1114 450 1177 is
469 1125 583 1177 tantum
606 1116 735 1198 spectari
759 1125 857 1200 potest
879 1137 914 1178 ac
936 1116 1013 1200 pati,
1043 1116 1093 1198 qui
1115 1116 1261 1193 nascitur,

118 1222 177 1263 uon
196 1200 317 1263 innatus
336 1198 435 1272 Deus,
465 1199 513 1262 cui
535 1200 751 1284 principium
775 1201 948 1283 temporis
972 1213 1113 1275 nonest,
1143 1202 1194 1264 scd
1214 1202 1264 1285 qui

73 1340 76 1345 .
118 1305 226 1368 super
251 1305 353 1346 omne
380 1295 516 1366 tempus
547 1287 751 1366 (75...1aa.).
807 1284 933 1368 Quando
965 1286 1059 1370 igitur
1084 1306 1190 1370 passus
1218 1297 1265 1349 est

117 1368 229 1433 Pater?
265 1368 423 1451 Nusquam
443 1369 499 1431 luit
515 1369 546 1430 iu
566 1380 664 1447 terra,
684 1372 735 1433 sed
754 1390 814 1452 per
834 1369 988 1435 Verbum
1006 1392 1145 1454 semper
1163 1372 1265 1434 adest

117 1455 230 1535 (126),
246 1454 334 1536 idque
352 1455 385 1516 in
407 1453 581 1516 auxilinm
600 1454 722 1518 Patris
741 1456 930 1518 descendit
947 1456 1061 1538 (155),
1082 1466 1115 1518 ui
1129 1456 1264 1518 homines

118 1541 155 1602 ad
173 1539 238 1602 eius
260 1539 427 1623 exemplum
451 1549 640 1602 mutarentur
661 1550 691 1601 et
709 1536 832 1603 Christo
855 1542 1130 1624 consanguinea
1151 1541 1264 1623 paulla-

118 1624 172 1686 tim
197 1625 376 1687 accederent
402 1630 448 1704 (v.
469 1625 566 1706 163.)
610 1621 750 1688 Christus
773 1625 853 1687 enim
877 1626 974 1687 nostri
996 1637 1043 1688 est
1064 1625 1212 1689 mediator
1234 1636 1266 1688 ct

116 1707 176 1772 Dei
193 1711 318 1791 (174),
337 1719 614 1792 parumcunque,
633 1731 688 1792 per
705 1710 852 1772 homiuem
871 1731 907 1773 aa
925 1709 1022 1775 Deum
1041 1711 1190 1789 cucurrit,
1212 1711 1265 1773 sed

118 1792 210 1857 Pater
225 1794 289 1876 ipse
308 1815 368 1856 nan
386 1804 434 1856 est
451 1795 547 1857 lactas
567 1815 737 1867 caracara
756 1807 855 1856 autem
873 1797 910 1858 ad
928 1795 1088 1877 imaginem
1102 1796 1167 1858 eius
1183 1817 1264 1857 sum·

117 1889 167 1963 pta
189 1890 256 1963 post
278 1878 454 1963 martyrium
476 1879 513 1941 ad
535 1879 631 1962 ipsum
653 1879 867 1961 adsccnditffi).
891 1917 931 1927 -
955 1878 1071 1943 Deinde
1089 1903 1139 1945 vv·
1159 1881 1262 1948 177...

153 1997 200 2066 13)
209 1996 361 2048 inscribitur
370 1997 417 2048 hoa
425 2011 517 2063 poema
527 1997 553 2048 ln
565 1996 624 2048 cdd.
634 1997 722 2048 multis
732 2003 757 2048 et
766 1996 798 2048 ab
808 1998 924 2049 Honorio
933 1998 1117 2063 Augustodun.
1129 1997 1175 2064 (de
1185 1998 1265 2064 gloria

117 2072 192 2129 mart.
203 2068 239 2128 ll,
257 2066 314 2132 13.)
331 2066 364 2115 da
373 2066 524 2128 diivinitate,
545 2080 630 2130 neque
643 2067 779 2131 scriptores
793 2072 891 2118 veteres
903 2066 1000 2132 Apoth.
1010 2075 1035 2118 et
1044 2068 1265 2132 Hamartigeniam

117 2133 182 2184 dacos
195 2135 228 2184 de
240 2137 360 2184 trinitate
374 2134 455 2184 libros
469 2148 557 2184 vacare
571 2133 764 2196 dubitaverunt,
783 2134 826 2185 vd.
841 2134 907 2186 Phil.
918 2137 1084 2200 Bergomens.
1096 2135 1184 2187 chron.
1196 2135 1228 2186 ad
1238 2151 1263 2186 a.

116 2202 177 2253 466.
188 2203 249 2268 (lx.
259 2217 286 2267 p.
296 2201 383 2270 221.)
401 2202 527 2257 Areaalus
537 2217 611 2262 vero,
627 2204 687 2268 quin
701 2203 726 2253 ia
737 2202 815 2254 ultera
824 2205 936 2254 carmine
948 2218 1028 2269 pauca
1040 2212 1138 2254 tantam
1149 2205 1181 2255 de
1191 2205 1266 2255 triui-

117 2275 168 2320 tate
179 2269 302 2334 legantur.
310 2286 399 2320 aereus
410 2271 474 2320 istos
484 2270 514 2319 de
524 2273 588 2321 tria.
599 2270 739 2321 Prudentia
750 2271 816 2322 male
826 2271 969 2337 adscriptas
979 2271 1059 2337 [cip.
1067 2270 1140 2335 307.]
1152 2273 1265 2338 primum

44 2378 47 2383 .
116 2338 149 2389 de
158 2341 280 2388 trinitate
288 2338 383 2389 librum
399 2336 438 2404 (1)
452 2337 645 2403 ειιροῑιεοειιι
657 2340 740 2404 ipsam
751 2340 894 2390 secundum
905 2347 1004 2401 censet,
1020 2341 1054 2390 cl.
1065 2342 1088 2390 1.
1103 2355 1130 2405 p.
1141 2343 1184 2392 42.
1203 2341 1266 2390 Sin-

116 2406 191 2472 gulae
205 2414 230 2457 ct
243 2406 358 2456 eiusdem
373 2407 495 2457 carminis
510 2413 535 2456 et
546 2408 754 2472 Hamartigeuiae
768 2415 793 2458 et
802 2407 1016 2474 Psychomaclriae
1030 2414 1116 2473 partes
1130 2408 1265 2458 alibrariis

117 2474 195 2525 medii
205 2475 258 2525 aori
268 2474 441 2539 peculiaribus
453 2473 535 2524 titulis
545 2475 866 2540 signantur(vd.Trithem.
877 2475 908 2526 de
918 2477 1035 2543 scriptor.
1043 2476 1264 2542 eeclesupaaa.

119 2543 196 2594 Area.
207 2543 229 2592 Ι.
239 2557 266 2608 p.
277 2543 346 2609 itt),
358 2557 424 2607 quos
433 2541 588 2593 omittendas
598 2543 782 2603 iudicavimus,
794 2545 828 2594 cl.
841 2559 868 2608 p.
880 2544 922 2595 53.

152 2610 197 2677 14)
208 2611 356 2675 Perstriogit
366 2611 406 2661 lais
415 2611 533 2662 versibus
544 2611 700 2663 Prudentius
711 2619 755 2662 aut
764 2614 873 2664 Noctum
883 2619 908 2663 et
917 2613 1047 2672 Praxeam,
1058 2612 1264 2678 Petripassianos

116 2684 233 2739 rocetos,
248 2679 294 2743 qui
303 2681 386 2728 Deum
400 2680 487 2743 ipsum
501 2680 527 2729 in
541 2687 606 2730 terra
620 2681 784 2746 apparuisse,
799 2696 906 2746 passum
921 2694 950 2731 ac
959 2688 1090 2732 mortuum
1101 2695 1158 2732 esse
1169 2680 1266 2731 docue-

117 2752 177 2796 runt
195 2745 250 2806 [vd.
260 2746 293 2797 de
304 2745 347 2796 ιιΙο
356 2747 452 2812 Epiph.
464 2748 533 2798 itaer.
543 2749 626 2810 LVII,
638 2750 667 2801 1:
686 2750 733 2799 ἕνα
744 2747 811 2799 Θεὸν
825 2747 935 2814 δοξάζω,
951 2748 996 2799 ἕνα
1008 2749 1149 2808 ἐπίσταμαι
1162 2749 1206 2798 καὶ
1220 2747 1266 2798 οὐκ

115 2812 198 2864 ἄλλον
207 2811 277 2879 πλὴν
287 2811 382 2877 αὐτοῦ,
391 2817 567 2880 γεννηθέντα,
582 2815 751 2880 πεπονθότα,
760 2813 815 2866 ἄπο
820 2815 950 2868 θανόντα·
960 2824 985 2868 el
995 2817 1026 2868 de
1036 2816 1083 2867 hoc
1092 2816 1199 2867 Tenuit.
1206 2817 1264 2867 adv.

119 2883 196 2933 Prax.
208 2882 237 2932 l:
253 2883 543 2948 paraeletamsugaoit
555 2889 583 2934 ει
592 2885 700 2935 Patrem
713 2887 859 2950 coaptati.
876 2883 920 2950 (de
930 2899 999 2935 aera.
1011 2886 1067 2936 Cirr.
1079 2886 1118 2949 5.)
1128 2911 1161 2922 —-
1171 2898 1228 2950 cap.
1238 2886 1264 2934 2:

115 2952 275 3016 itaquepast
284 2955 385 3017 tempus
394 2953 477 3002 Pater
488 2957 567 3002 natae
576 2959 603 3003 et
611 2954 807 3019 Paterpaasas,
822 2956 877 3020 ipse
886 2954 959 3002 Deus
972 2953 1092 3003 daminus
1105 2955 1267 3018 amnipotens

113 3018 187 3070 Ieme
195 3018 314 3069 Christus
320 3019 504 3085 praedicatur.
518 3049 553 3057 —
567 3035 623 3085 cap.
636 3024 666 3071 5:
682 3022 746 3070 duos
755 3021 824 3071 idem
834 3023 925 3072 volant
937 3038 1005 3082 ease,
1019 3026 1052 3072 ad
1062 3021 1133 3071 idem
1141 3021 1224 3072 Pater
1233 3036 1266 3070 aa

114 3086 203 3138 Filius
212 3087 351 3137 debeatur.
364 3113 399 3125 -
408 3087 511 3139 Walch.
523 3088 673 3139 Geschichte
683 3088 728 3139 der
738 3091 886 3141 lletzereien
897 3091 917 3139 l.
929 3103 955 3154 p.
968 3092 1028 3140 515.
1047 3089 1174 3140 Neander.
1185 3089 1266 3139 Anti-

115 3156 250 3220 gnosticus
267 3170 296 3220 p.
311 3156 372 3206 481.
391 3156 515 3206 Gicseler.
533 3156 791 3221 Kirolrengesahiolate
806 3158 828 3206 1.
849 3172 874 3221 p.
889 3157 950 3210 216.
970 3156 1265 3220 Baumgerten-Crasius

115 3222 254 3273 Lehrbnclr
264 3224 290 3273 d.
301 3222 399 3273 christi.
409 3224 671 3287 Dagmeagesolrichta
680 3226 702 3274 l.
719 3239 744 3288 p.
755 3227 816 3278 266.
831 3226 866 3275 ll.
876 3239 903 3289 p.
916 3224 982 3275 1614
991 3239 1051 3289 sqq.
1069 3226 1112 3285 [1..
1123 3225 1209 3288 Lange
1219 3223 1265 3276 ab.

115 3291 157 3341 die
168 3290 338 3355 Beliandlung
347 3292 392 3341 der
401 3293 507 3343 altesten
518 3291 648 3342 Kirohan-
664 3307 690 3342 u.
702 3291 964 3357 Dogmangeschichte
978 3293 1004 3342 ia
1018 3292 1109 3358 lllgcn.
1120 3292 1267 3344 Zeitschrilt

114 3358 524 3425 11111115ιιειοτ.Τιεοι.ιι.2.ρ.
536 3362 662 3425 2531111.)
680 3368 724 3410 aut
733 3368 864 3426 oppugnat
873 3360 1091 3420 Priscillianistas‚
1104 3361 1129 3412 in
1140 3362 1266 3426 Hispania

114 3433 178 3477 tuuc
192 3425 351 3491 frequentes,
367 3428 412 3492 qui
422 3429 547 3478 deitatem
557 3429 656 3479 Clertsti
664 3445 718 3478 osae
728 3429 923 3479 corroertita'lem
933 3431 1117 3494 etpusaila'lem
1129 3429 1265 3492 docebant,

115 3494 186 3559 quod
196 3493 288 3559 dogma
298 3496 324 3545 in
333 3496 455 3546 Toletano
465 3497 571 3547 concilio
581 3505 618 3558 (a.
629 3498 702 3559 4116.)
713 3497 879 3562 dampnatum
890 3505 938 3558 est,
949 3498 983 3548 cl.
993 3499 1018 3548 ι.
1030 3499 1064 3548 ll.
1075 3500 1106 3548 B.
1116 3497 1265 3549 Liibkert.

115 3562 148 3613 dc
157 3561 257 3613 haeresi
266 3564 515 3614 priscillianistarum
527 3579 556 3614 en
565 3564 679 3615 lontibus
691 3565 774 3616 denua
786 3566 977 3629 calillauniae,
989 3566 1076 3629 18411,
1087 3567 1197 3632 eiusque
1207 3580 1267 3618 con·

114 3644 201 3682 sorem
212 3632 237 3680 iu
247 3631 327 3682 litihr.
339 3631 459 3681 kritisclro
468 3632 731 3695 Prodigerbibliathek
742 3635 839 3684 XXlll.
851 3649 877 3698 p.
890 3633 949 3684 691.

149 3697 196 3765 li)
207 3699 314 3750 Tertull.
324 3699 343 3749 l.
355 3700 372 3750 l.
386 3700 429 3750 la:
449 3700 535 3750 Filius
548 3703 639 3765 itaque
654 3707 700 3760 est,
717 3704 765 3766 qai
776 3703 809 3752 ab
822 3704 901 3752 initia
915 3702 1134 3767 iudicavit...ipae
1148 3704 1217 3751 enim
1230 3701 1268 3751 ad

115 3767 232 3817 duntona
240 3783 343 3833 semper
352 3768 465 3831 collegia
474 3768 608 3819 deseendit
619 3771 653 3818 ab
662 3770 748 3820 Adam
757 3786 838 3836 arsque
848 3770 884 3820 ad
892 3771 1064 3821 Patriaralms
1074 3771 1263 3835 etPraplrataa,

112 3837 143 3884 in
152 3837 262 3896 υτιίοηε,
277 3839 305 3885 in
314 3839 442 3900 sompnia,
457 3837 607 3902 r'aacpecala,
624 3839 652 3886 in
666 3841 831 3901 aeraigmate:
845 3841 885 3888 iia
898 3855 1001 3904 seraper
1014 3838 1146 3887 ediscebat
1159 3838 1266 3888 acuam

105 3905 144 4037 Ji
154 3906 235 3954 imis
243 3920 303 3954 cam
312 3906 459 3955 laconicibus
467 3920 519 3954 aaa
529 3905 597 3954 aliua·
606 3909 876 3972 converser-ipaterat,
889 3922 968 3972 quam
977 3921 1071 3967 sermo,
1080 3907 1127 3971 qui
1135 3920 1198 3956 cara
1207 3911 1267 3956 erat

130 3976 236 4022 utronea.

151 4040 196 4105 16)
206 4042 235 4090 la
245 4038 379 4090 rotulando
390 4041 639 4106 Patripassianorum
655 4041 770 4093 doctrina
780 4040 861 4092 Prud.
877 4039 1055 4093 aTcrtulliano
1069 4048 1169 4107 praeter
1181 4048 1264 4092 cetera

113 4106 248 4168 eodistat,
265 4109 333 4172 quad
348 4109 389 4158 illc
404 4116 552 4174 argumenta
564 4124 577 4159 e
588 4123 652 4160 nora
662 4116 774 4171 testam,
791 4109 945 4160 hiccvetere
964 4108 1009 4169 (cl.
1020 4122 1077 4175 cap.
1089 4111 1113 4160 5.
1127 4109 1168 4160 19.
1186 4111 1265 4171 [Pro-

112 4174 186 4227 verb.
197 4177 248 4239 8.],
261 4176 286 4226 6.
299 4177 339 4229 12.
351 4177 459 4238 [Ganos.
470 4180 490 4237 1,
502 4178 560 4239 aa]
570 4182 632 4240 etc.)
646 4179 767 4242 sumpsit,
780 4186 804 4227 et
813 4176 884 4241 quad
894 4175 935 4226 illc
946 4177 977 4226 dc
987 4178 1079 4242 spiritu
1090 4186 1179 4228 sancto
1189 4179 1265 4242 plane

112 4244 208 4305 mccii,
224 4243 256 4294 de
268 4258 320 4309 quo
331 4244 371 4295 hic
381 4246 460 4296 mulla
474 4245 603 4311 disputat,
618 4245 660 4295 vd.
671 4259 727 4310 cap.
740 4245 781 4295 13.
792 4247 835 4298 26.
847 4245 889 4294 31.
909 4245 1049 4296 schrdckla.
1061 4244 1263 4309 Kirehengaseh.

111 4314 161 4363 111.
171 4326 198 4377 p.
211 4312 271 4364 177.
289 4313 440 4365 Miiascher.
450 4312 713 4378 Dagmeagesehichte
722 4315 743 4362 1.
758 4327 786 4377 p.
796 4312 847 4363 428
856 4326 917 4378 sqq.
937 4313 1203 4378 Baumgarten-Crus.
1214 4313 1232 4363 l.
1244 4313 1263 4363 l.

114 4381 236 4432 Ceterum
250 4382 437 4433 emanationem
452 4381 496 4431 11111
511 4396 540 4432 ex
554 4382 601 4431 Dei
616 4395 672 4440 ore,
693 4380 725 4430 de
741 4395 790 4445 qua
800 4380 908 4432 Tertull.
928 4381 959 4448 (l.
971 4382 989 4432 l.
1003 4396 1060 4447 cap.
1071 4383 1108 4444 8.,
1119 4382 1161 4433 ad.
1174 4396 1221 4431 nas
1232 4382 1265 4431 ad

113 4448 231 4501 (lathem.
242 4451 288 4515 ur,
298 4451 325 4504 2.
336 4462 363 4516 p.
374 4449 416 4518 9.)
429 4448 550 4517 pluribus
559 4450 618 4516 egit,
634 4448 803 4502 Prudentium
815 4463 920 4515 quaque
930 4449 1049 4515 probare,
1059 4465 1124 4503 exa.
1136 4450 1182 4500 41.
1198 4450 1271 4510 attae
