2744 4852
109 244 170 309 184
510 241 579 302 Aur.
599 239 746 301 Prudentii
765 241 853 301 Clen.

194 410 333 492 Alliaque
350 420 383 474 et
399 396 527 492 Ser‘apin
545 408 620 471 oaeli
638 429 727 492 super
744 418 827 470 astra
845 407 956 470 locare.
1023 443 1028 460 .
1073 430 1076 435 ’

195 493 253 556 lsis
271 494 399 557 enimet
415 492 538 577 Serapis
555 503 588 555 et
608 493 714 575 pandi
733 491 826 557 Simia
844 492 937 555 eauda

112 595 162 646 870
196 577 237 641 Et
255 576 432 642 Crocodilus
449 578 543 650 idem,
563 579 640 660 quod
657 576 751 653 Iuno,
770 575 929 656 Lauerna,
948 574 1094 660 Priapus:

195 662 260 725 Hos
278 673 312 726 tu
327 661 399 726 Nile
417 663 506 738 eolis,
524 661 593 724 illos
611 672 644 724 tu
661 661 762 724 Tibris
779 662 900 724 adoras.

197 746 264 810 Una
282 747 454 830 superstitio
472 757 533 819 est,
550 746 687 829 quamvis
704 765 763 809 non
782 746 925 808 eonoolor
939 765 1037 809 error.

197 830 277 894 Hine
294 831 354 895 alia
367 830 511 895 exoritur
527 831 695 893 tenebrosis
712 840 792 892 teuta
809 830 928 893 frutetis

197 913 325 992 Semne,
344 934 432 999 quam
449 916 575 1000 pecudes
593 926 625 978 et
640 925 723 978 muta
740 914 879 977 animalia
896 924 1039 999 carpunt„

112 1017 161 1068 875
197 999 341 1084 Quaeque
358 1001 455 1064 latens
471 1000 557 1063 silvis
574 1000 723 1084 operitur:
743 1000 845 1061 nescia
864 998 939 1062 oaeli
962 996 987 1055 .'

197 1084 287 1148 Mens
307 1080 473 1159 bominum,
493 1104 585 1148 saevo
603 1084 710 1167 vivens
728 1084 843 1166 captiva
862 1093 1010 1168 tyranno,

199 1168 283 1231 Haeo
303 1179 387 1251 putat
403 1189 471 1231 esse
488 1167 584 1231 Deum
604 1168 732 1231 nullum:
752 1188 879 1250 namque
898 1168 997 1229 omnia
1015 1171 1094 1231 verti

198 1250 327 1317 Casibus
344 1263 375 1315 et
392 1253 473 1315 nullo
490 1252 546 1316 sub
565 1253 700 1336 praeside
717 1253 799 1315 secla
815 1252 923 1315 rotari.

197 1336 264 1400 Hoe
281 1338 340 1399 iter
356 1337 581 1419 haudquaquam
597 1357 708 1419 magno
726 1336 896 1399 discrimine
914 1335 1005 1398 distat
1091 1370 1094 1375 ·

113 1439 163 1490 ssu
198 1421 291 1484 Hisne
308 1420 383 1495 viia,
404 1440 478 1504 quas
496 1442 551 1484 vos
569 1421 682 1494 teritis,
702 1421 752 1503 qui
771 1420 893 1483 numina
911 1421 1003 1484 multa

197 1505 240 1569 Et
256 1516 409 1590 portenta,
426 1503 523 1569 Deum
541 1526 704 1583 summum,
723 1526 881 1568 numerosa
899 1505 1020 1588 putatis.

283 1589 433 1674 Simplicis
451 1610 525 1674 ergo
541 1590 610 1654 viae
628 1591 691 1653 dux
708 1601 756 1652 est
771 1588 869 1653 Densa
887 1591 938 1653 ille
954 1610 1009 1675 per
1025 1610 1116 1654 unam

198 1674 248 1738 lre
265 1675 348 1737 iubet
364 1675 489 1738 mortale
508 1696 616 1758 genus,
634 1695 721 1757 quam
740 1674 843 1757 dirigit
857 1674 922 1758 ipse

198 1758 360 1823 Sublimem
379 1760 487 1823 dextro
505 1760 586 1821 oelsa
603 1760 640 1821 ad
658 1759 780 1842 lastigie
798 1758 885 1823 elivo.

115 1862 164 1913 885
199 1842 302 1907 Prima
320 1844 388 1907 viae
405 1845 498 1907 iacies
514 1844 645 1917 innuba,
664 1843 857 1917 subhorrida,
876 1843 990 1918 tristis,

197 1926 348 2009 Difficilis,
369 1929 421 1991 sed
440 1929 498 1992 fine
515 1930 561 1992 sui
581 1929 759 2013 pqloerrimn
776 1938 807 1992 et
823 1928 928 2013 amplis

198 2011 340 2078 Praedita
358 2012 470 2076 divitiis
487 2024 518 2077 et
535 2014 689 2076 abundans
707 2014 773 2076 lnee
791 2012 933 2097 perenni,

197 2095 240 2160 Et
257 2118 333 2180 qnae
351 2098 533 2179 praeteritos
547 2099 642 2181 possit
657 2118 785 2181 pensare
802 2098 933 2160 labores.

198 2180 358 2264 Multiplici
374 2183 438 2244 dux
454 2183 581 2244 daemon
597 2182 697 2259 adest,
715 2182 764 2262 qni
782 2193 867 2265 parte
884 2181 1009 2245 sinistra

115 2285 164 2336 890
201 2263 377 2330 Centibdum
397 2265 553 2328 confundit
567 2266 641 2328 itere
659 2266 752 2328 trabit
767 2267 837 2328 inde
855 2265 1020 2348 sophistas.

198 2349 365 2425 Barbatus,
385 2350 478 2412 trabit
495 2350 565 2413 bine
582 2349 687 2434 opibus
702 2350 753 2414 vel
770 2350 883 2413 bonore
900 2361 1048 2433 potentes.
1138 2411 1144 2426 ,

199 2434 301 2498 Iulioit
316 2445 348 2497 et
363 2436 518 2499 voluerum
535 2435 648 2518 linguis
665 2445 697 2498 et
713 2455 784 2498 arus
804 2435 849 2499 ice
868 2435 960 2508 fallit,
1053 2452 1056 2461 ¹

199 2517 330 2600 Iustigat
347 2520 521 2583 bacchantis
537 2540 613 2583 anus
631 2520 757 2601 ambage
774 2457 922 2603 §ibydem

199 2602 332 2667 Involvit
350 2604 488 2676 mathesi,
506 2604 639 2686 magicas
656 2604 771 2686 inpellit
788 2603 819 2664 in
839 2613 935 2677 artes,

116 2705 165 2757 895
201 2685 311 2751 (lmine
328 2688 484 2756 sollicitat.
503 2688 583 2770 oapit
599 2707 730 2770 augure,
749 2686 870 2751 territal
886 2688 985 2751 extis.

201 2770 310 2836 Cernis
328 2783 361 2835 ut
377 2792 438 2834 nna
455 2772 506 2836 via
523 2783 570 2836 est
585 2771 687 2835 multis
704 2772 888 2835 anlraotibns
906 2792 1030 2846 emaus,

199 2855 304 2920 Talem
322 2858 547 2945 passaqduoem
565 2857 616 2938 qui
633 2877 693 2918 non
710 2855 792 2919 sinat
806 2856 852 2919 ire
870 2858 975 2920 salutis

199 2943 248 3004 Ad
267 2940 443 3018 Dominum,
461 2943 514 3004 sed
531 2940 637 3002 mortis
653 2940 712 3002 iter
729 2961 783 3022 per
800 2941 886 3005 deria
903 2944 1069 3004 monstret‘.l

61 3098 63 3102 ⁸
200 3023 298 3088 Deoia
315 3025 391 3107 picta
410 3025 498 3087 bonis
516 3024 669 3097 brevibus,
687 3025 740 3089 sed
756 3025 815 3089 lin'e
833 3025 887 3088 snb
905 3027 970 3110 ipso

116 3127 165 3180 uuo
199 3109 314 3173 Tristia
332 3120 364 3171 et
379 3108 410 3171 in
429 3109 556 3172 subitam
573 3130 716 3193 praeceps
732 3109 863 3175 inmersa
881 3110 1080 3198 obarybdem?

199 3193 246 3258 lte
264 3193 367 3278 proeul
385 3205 507 3277 gentes:
528 3194 680 3257 oonsortia
697 3194 912 3259 nullaviarnm

201 3277 280 3342 Sunt
296 3279 382 3341 vobis
400 3299 466 3341 eum
485 3280 569 3362 plebe
587 3277 661 3341 Dei:
681 3278 823 3342 discedite
839 3279 929 3362 longe

200 3360 243 3427 Et
258 3371 393 3424 vestrum
410 3372 565 3446 penetrate
583 3364 687 3439 ebaos,
706 3382 764 3445 qno
781 3384 837 3427 vos
853 3373 943 3428 vocat
960 3364 1011 3426 ille
1094 3422 1097 3427 .

200 3444 348 3508 Praevius
365 3446 503 3509 internae
521 3447 664 3528 perplexa
681 3469 735 3531 per
751 3446 820 3513 avia
838 3448 952 3511 noetis:

116 3551 165 3602 905
200 3529 245 3595 m
262 3529 349 3596 nobis
365 3531 447 3595 vitae
463 3528 625 3593 Dominum
643 3532 855 3614 quaerentibus
872 3552 963 3595 uuum

200 3613 272 3680 Lux
289 3614 353 3679 iter·
365 3625 413 3679 est
429 3627 460 3680 et
478 3615 559 3679 olera
578 3615 640 3679 dies
658 3626 689 3680 et
705 3616 804 3699 gratia
821 3615 960 3700 simplex.

149 3746 210 3805 ete.
228 3751 406 3820 Serapeum,
422 3751 540 3804 meliores
553 3751 657 3813 Heius..
671 3750 746 3803 fort:
756 3751 993 3820 Serapam-870.
1003 3753 1072 3805 idem
1081 3752 1164 3817 esto,
1175 3754 1252 3815 ideal.

115 3822 139 3871 R
150 3820 205 3872 Gis.
215 3821 309 3874 Weitz.
323 3849 358 3860 ·-
374 3820 434 3872 871.
447 3819 727 3873 Niladeoreolitettu
736 3818 807 3871 reor.
816 3820 878 3872 Ald.
890 3820 946 3872 Gis.
958 3850 986 3860 -
1007 3821 1069 3873 875.
1083 3822 1253 3873 latentm'lm'r.

118 3888 196 3956 Oper.
205 3903 239 3939 aa
247 3888 308 3940 Ald.
318 3888 375 3950 Ar„
387 3889 471 3941 lutens
479 3887 505 3940 A
514 3895 563 3939 ete.
577 3915 610 3925 -
627 3886 687 3939 884.
698 3887 813 3939 Sublime
823 3888 885 3939 Cell.
895 3888 966 3940 Teol.
980 3914 1015 3924 --
1031 3889 1092 3942 889.
1102 3888 1255 3959 Muuiptea]

116 3956 244 4008 AElOPR
256 3956 318 4008 Ald.
332 3957 426 4007 Heius.
435 3955 481 4007 Ar.
493 3954 546 4007 (111.
561 3970 589 4022 p.
600 3954 670 4018 tul„
688 3954 844 4021 Multiplices
853 3956 889 4006 W
897 3956 952 4007 Gis.
964 3957 1069 4009 Weitz.:
1089 3957 1205 4010 domoon
1215 3954 1257 4009 aad

115 4023 267 4075 od...morte
275 4025 382 4075 sinerer
389 4022 537 4074 alebam.
558 4050 593 4064 -
609 4022 669 4077 899.
685 4021 862 4073 IolioitatGil'.
878 4038 903 4088 p.
914 4022 974 4074 374.
992 4056 1027 4065 -
1044 4024 1105 4076 893.
1117 4025 1255 4077 ducebatur

116 4091 153 4145 W
161 4090 294 4145 Weitz.—
302 4092 363 4145 891.
372 4090 402 4140 In
411 4105 485 4154 mog.
495 4095 547 4141 art.
559 4091 643 4141 {rabit
650 4090 809 4155 involvitque
817 4092 931 4139 mathesi
937 4090 1000 4143 Ald.
1009 4091 1085 4143 Febr.
1092 4092 1194 4146 -896.
1202 4094 1256 4146 Cer

114 4154 189 4277 qq'tb
204 4183 239 4194 -
254 4158 315 4210 898.
324 4157 522 4211 mouebatEue
529 4156 591 4209 Ald.
607 4183 641 4197 -
659 4156 719 4213 999.
733 4156 964 4210 oaribdemtsim.
974 4159 1018 4211 ΕΤ
1025 4160 1133 4224 Heius„
1143 4160 1256 4229 charyb-

139 4225 170 4275 'm
177 4228 225 4275 eet.
237 4253 267 4263 -

148 4322 433 4387 870.Loomoa]l{on.z
444 4325 500 4388 dau,
513 4328 666 4392 mcimcppli-
700 4328 746 4377 111.
758 4341 785 4393 p.
796 4327 854 4381 115.
864 4327 901 4381 ib.
912 4327 1031 4382 Elmenb.
1041 4354 1075 4367 -
1093 4328 1155 4382 886.
1166 4326 1256 4384 natu.

114 4397 177 4445 eant
183 4392 274 4458 fimes.
294 4393 356 4442 Hor.
367 4393 417 4462 Ep.
428 4396 448 4457 1,
461 4395 502 4456 ld,
514 4393 664 4447 beltrami.
702 4396 757 4447 Vll.
767 4422 802 4440 -
