2744 4852
117 232 161 298 nu
518 232 592 293 aar.
612 189 869 297 redamantem.

202 400 266 463 Aut
283 400 440 498 populator
455 401 525 464 edet
541 402 722 483 gemmantia
740 401 876 484 germina
893 401 1042 476 bruchus,
1132 416 1136 425 ·

202 485 265 549 Aut
283 484 388 548 ambus
406 485 555 570 discerpta
572 485 646 551 ieris
664 484 846 551 lacerabitur
864 508 935 551 uva.

290 568 373 651 Quid
386 569 492 652 loquar
510 569 670 635 herbarum
686 570 778 635 fibras
795 570 961 637 medicante
979 592 1098 637 venerio

116 671 167 727 030
201 652 326 717 linens
344 653 453 717 letiferi
471 655 585 719 fudisse
603 654 735 738 pericula
751 656 844 721 sucilt

201 737 323 802 Nouius
341 739 372 803 iu
391 739 503 803 teneris
521 760 612 823 sapor
629 751 747 803 aestuat
763 760 834 805 ecce
853 741 985 814 frutetis,

203 822 278 888 Cum
297 824 379 907 prius
396 824 542 889 innocuas
559 824 662 887 tulerit
678 835 787 887 natura
804 825 934 902 cicutas,

201 906 351 973 Roscidus
369 919 401 973 00
416 908 542 975 viridem
560 909 611 991 qui
627 909 720 983 vestit
736 909 792 973 llos
808 909 1065 994 Rhododnpbnem
1135 940 1149 949 ··

201 991 315 1056 Pabula
332 993 455 1059 lascivis
473 994 588 1058 dederit
604 994 725 1059 sincera
742 995 874 1078 capellis.

116 1097 165 1150 235
200 1077 271 1225 {lpse
289 1099 404 1160 quoque
422 1079 588 1162 oppositum
606 1080 758 1143 destructo
776 1081 898 1143 loedere
915 1090 999 1143 certo

231 1164 433 1227 rauseeuduut
450 1163 596 1227 elementa
614 1164 732 1227 modum
749 1165 927 1248 rapiuntque
944 1175 1095 1248 ruuntque

202 1245 311 1310 Omnia
329 1246 473 1330 legirupis
491 1247 666 1330 quassantia
683 1248 798 1313 viribus
817 1249 930 1314 orbem.

200 1329 359 1414 Frangunt
377 1330 557 1397 umbriferos
574 1333 755 1415 Aquilonum
775 1333 888 1416 praelia
906 1334 1007 1408 lucae,

200 1417 241 1477 Et
258 1417 337 1478 cadit
354 1416 509 1481 iumodicis
528 1417 605 1481 silva
623 1417 774 1501 extirpata
793 1419 941 1501 procellis.
967 1486 976 1495 ,

115 1518 166 1573 210
200 1499 293 1564 Parte
310 1501 369 1563 alia
387 1501 537 1567 violentus
555 1502 641 1585 aquis
658 1503 844 1567 torrentibus
862 1504 958 1567 aronis

198 1585 347 1648 Transilit
363 1585 496 1651 obiectas
513 1587 696 1670 praescripta
714 1589 857 1671 repagula
876 1590 974 1673 ripas,
1017 1648 1020 1653 .

199 1669 242 1733 Et
259 1692 355 1754 vagus
373 1670 489 1736 eversis
507 1671 567 1737 late
584 1673 755 1737 dominatur
771 1673 804 1737 iu
821 1673 917 1756 agris.

198 1753 265 1818 Nec
283 1766 383 1819 tamen
402 1755 448 1819 his
467 1767 579 1819 tnnmm
597 1757 712 1821 rabiem
730 1758 921 1821 nascentibus
940 1758 1003 1842 ipse

200 1836 348 1903 Conditor
365 1840 511 1919 instituit,
530 1842 583 1905 sed
600 1839 673 1907 lana
689 1840 812 1905 licemia
828 1862 931 1908 rerum

114 1942 165 1997 215
200 1923 349 1988 Turbavit
367 1925 498 2008 placidas
515 1936 603 2009 rupto
619 1927 822 1991 moderamine
840 1926 935 2010 legen.

197 2007 265 2072 Nec
283 2009 407 2088 mirum,
427 2010 454 2073 si
472 2011 605 2075 membra
624 2011 705 2075 orbis
724 2033 871 2075 concussa
888 2022 1037 2085 rotantur,

199 2092 233 2158 si
251 2094 334 2158 vitiis
352 2095 466 2177 agitata
483 2096 546 2157 suis
564 2096 715 2159 mundana
732 2096 850 2160 laborat

196 2176 356 2253 Machina,
376 2179 402 2241 si
420 2189 518 2242 terras
537 2178 594 2242 luis
612 2179 764 2242 incentiva
783 2181 907 2262 fatigate

195 2260 375 2344 Exemplum
394 2262 445 2326 dat
460 2261 524 2327 vita
541 2262 711 2341 hominum,
731 2285 789 2346 quo
807 2274 908 2329 cetera
926 2276 1067 2347 peccent,
1160 2312 1166 2319 .

111 2364 162 2419 250
197 2346 269 2412 Vita
287 2344 456 2423 homiuum,
476 2347 541 2425 cni,
560 2348 699 2430 quidquid
718 2348 798 2432 agit,
817 2348 940 2415 vesania
959 2359 991 2413 et
1008 2370 1097 2417 error

77 2464 82 2471 ·
197 2429 407 2516 Suppeditant,
427 2443 460 2497 ut
476 2431 555 2497 bella
572 2434 720 2512 fremant,
740 2445 774 2499 ut
791 2434 874 2497 [luxa
891 2434 1029 2519 voluptas

195 2515 339 2596 Didium,
359 2517 484 2600 inpuro,
503 2519 656 2583 fervescat
672 2529 706 2584 nt
722 2519 793 2602 igue
811 2520 918 2597 libido,

199 2601 328 2665 Sorbeat
345 2611 379 2665 ut
395 2603 530 2667 cumulos
549 2624 707 2667 numerum
724 2604 861 2667 faucibus
879 2603 985 2688 amplis

199 2685 320 2769 Gurges
339 2686 502 2765 avaritiae,
522 2686 590 2751 linis
607 2707 695 2770 quan
713 2689 814 2753 nullus
832 2688 957 2753 habendi

111 2788 161 2844 255
196 2771 374 2853 Temperat,
392 2771 526 2854 aggestis
545 2772 702 2837 addentem
720 2784 790 2839 veta
808 2773 940 2838 talentis

196 2856 274 2919 Auri
292 2876 419 2939 namque
439 2858 533 2921 tames
551 2867 638 2941 parto
655 2859 689 2921 lit
705 2859 802 2921 maior
819 2859 856 2921 ab
876 2879 959 2921 auro.

195 2940 270 3003 lude
288 2962 376 3022 seges
394 2941 541 3005 scelerum
559 2942 650 3005 radix
666 2953 698 3005 et
714 2942 781 3006 sola
797 2943 957 3005 malorum:

196 3023 275 3088 Dum
295 3025 448 3088 scatebras
466 3025 624 3089 fluviorum
641 3026 749 3091 omnes
765 3036 797 3089 ct
814 3038 919 3110 operta
936 3028 1057 3092 uretallu

130 3169 132 3172 ,
196 3107 319 3193 Eliquat
336 3121 461 3172 ornatus
480 3110 617 3175 solvendi
634 3112 702 3175 lenc
720 3111 857 3195 pudoris:

112 3213 163 3263 200
198 3193 276 3258 Dum
294 3215 389 3260 venas
407 3195 571 3277 squalentis
590 3196 671 3260 humi
688 3207 841 3263 scrutatur
856 3196 958 3280 inepta

196 3279 330 3342 Ambitio
348 3279 484 3362 scalpens
503 3290 629 3344 naturae
646 3283 762 3345 occulta
779 3282 917 3354 latentis,

197 3362 231 3426 Si
249 3361 355 3445 quibus
373 3363 405 3424 in
423 3364 519 3427 lovois
537 3365 690 3431 radiantes
708 3368 787 3429 forte
804 3367 921 3449 lapillos

196 3445 319 3509 Rimata
335 3446 484 3511 inveniat:
503 3469 559 3511 nec
577 3449 655 3513 euim
674 3462 814 3515 contenta
833 3453 942 3515 decore

196 3532 336 3615 ingenito
354 3543 514 3596 externam
531 3534 675 3599 mentitur
692 3536 804 3600 femina
822 3537 969 3601 formam:

145 3667 203 3721 227.
209 3666 372 3734 populandos·
381 3668 412 3729 11,
422 3668 550 3735 populata
559 3669 636 3721 redet
644 3668 706 3722 ttd.
716 3698 750 3708 -
759 3672 887 3737 wilsoni
895 3686 909 3723 n
918 3702 952 3711 —
960 3671 1021 3726 233.
1032 3670 1097 3725 redo
1107 3672 1216 3737 dustrem
1224 3674 1256 3735 t,

111 3738 175 3788 redo
185 3736 310 3802 (taphium
319 3737 341 3787 R
349 3767 384 3776 -
392 3736 453 3791 235.
463 3752 553 3803 oppos.
564 3739 668 3790 BFubr.
681 3740 761 3803 sich„
772 3743 856 3807 inpos.
865 3741 936 3792 Gis:
947 3739 1150 3795 distr.AWeitz.
1160 3745 1256 3797 -230,

109 3809 226 3872 etiopma
234 3803 345 3856 Salmas.
355 3803 500 3857 inTrcbelt.
510 3818 538 3872 p.
549 3807 610 3858 284.
619 3808 724 3860 -211.
735 3810 866 3860 obiectae.
874 3811 978 3875 ..ripae
987 3811 1069 3861 BWm
1080 3809 1259 3861 1000010.-

111 3875 172 3927 214.
183 3875 277 3924 lamala
287 3873 327 3924 1Α
344 3902 379 3913 -
395 3873 455 3928 248.
470 3873 600 3937 lscisJPut.
611 3875 714 3939 Heius„
726 3877 836 3941 10000οΔ,
849 3877 961 3928 tuomet.
979 3906 1013 3918 -
1029 3878 1157 3932 210100.
1170 3880 1260 3930 intusa

112 3941 201 4003 Pube,
221 3942 318 3992 damon
335 3940 398 3992 illd.
415 3943 493 3993 Touo.
512 3972 547 3984 -
564 3945 624 3997 250.
642 3947 752 3995 voranto
768 3951 856 3996 terror
873 3946 921 3998 ΑΕ
937 3945 999 3997 Ald.
1017 3945 1085 4012 (non
1095 3947 1209 4014 Weiss.)
1226 3972 1260 3985 ·-

112 4009 172 4062 258.
184 4010 247 4061 Cum
256 4008 318 4062 ΔΡιι
327 4034 361 4048 -·
368 4009 428 4066 200.
438 4009 502 4061 &nn
511 4010 533 4061 Ε
541 4039 576 4052 -
584 4011 645 4066 264.
655 4012 777 4079 ingenita
786 4015 808 4063 E
817 4043 852 4055 -

146 4125 205 4180 257.
214 4127 390 4187 1100001011,
403 4127 443 4180 10.
459 4127 498 4180 110
508 4141 613 4194 vusqq.
623 4128 666 4183 vd.
700 4129 775 4185 uda.
786 4129 846 4183 780.
857 4131 951 4185 Heius.
962 4131 993 4185 ad
1003 4133 1098 4194 (1.1111,
1110 4132 1182 4193 173.,
1193 4133 1261 4185 etde

112 4192 402 4245 Tertuttbaomuts:
415 4195 536 4247 cultum
545 4196 664 4262 diciamus,
702 4213 726 4248 v.
745 4199 805 4253 208.
825 4198 921 4251 Obbar.
940 4201 973 4251 ad
991 4200 1082 4252 Boetb.
1101 4215 1126 4266 p.
1143 4202 1204 4253 143.
1223 4209 1259 4263 01,

113 4261 327 4327 quem-omnesne
338 4262 491 4315 muliebrem
500 4270 603 4326 ocem,
614 4281 668 4316 or·
701 4280 780 4330 quem
789 4267 835 4319 Ar.
847 4268 941 4331 laudat,
957 4270 1116 4323 Gnascon.
1130 4268 1172 4321 del
1182 4284 1261 4323 orue-

112 4333 235 4388 notnm,
254 4343 333 4392 queem
347 4331 500 4383 inmundum
515 4333 668 4387 cantamen
701 4334 851 4390 1010011οι0.
864 4337 984 4390 1575.-

113 4395 305 4449 eonvenitdt'ei.
323 4395 363 4447 De
373 4399 533 4464 appositione
542 4416 599 4453 orer.
610 4401 667 4455 leno
