2744 4852
499 196 658 314 Peristeplr.
678 232 755 292 Xl(
794 193 810 291 ,Ι
836 217 848 224 ”
869 313 872 319 .

229 400 269 463 Er
288 420 385 483 gerum
405 410 435 462 et
452 420 572 488 crurum
590 400 739 482 fragmina
758 400 836 463 nuda
854 399 938 481 legit.

141 485 277 550 Palliolis
294 486 384 548 etiam
402 484 521 548 bibulae
538 485 692 548 siccantur
708 504 836 563 arenae,

226 569 276 633 Ne
295 570 360 652 quis
378 569 409 632 iu
427 570 539 632 iniecto
558 570 679 653 pulvere
698 591 749 632 ros
766 579 894 632 maneat

140 655 175 720 Si
194 655 260 738 quis
279 665 310 716 et
326 655 358 716 in
377 655 499 717 sudibus
516 655 661 719 recalenti
679 655 858 738 adspergine
875 655 1000 736 sangnis

226 739 357 813 insidet,
376 740 454 806 hune
473 760 590 802 omnem
608 740 734 824 spongia
752 760 856 823 pressa
873 740 962 822 rapit.

140 824 207 889 Nec
225 825 283 886 iam
303 826 394 887 densa
414 825 677 907 sacroquidquam
696 825 731 887 de
750 845 875 907 corpore
893 824 970 889 silva

228 909 352 972 Obtinet
370 919 422 972 aut
439 909 534 992 plenis
554 911 673 973 fraudat
690 909 726 971 ab
745 909 892 992 exequiis.

142 992 277 1076 Cumque
296 995 460 1057 recensetis
479 1005 632 1058 constaret
649 994 782 1078 partibus
800 994 851 1064 ille

228 1076 374 1162 Corporis
392 1078 521 1162 integri,
541 1079 591 1160 qui
609 1080 723 1155 luerat,
741 1100 900 1158 numerus3

140 1162 208 1227 Nee
245 1175 353 1246 urgata
372 1164 482 1246 aliquid
501 1161 643 1229 deberint
660 1164 729 1228 avia
746 1175 809 1227 toto

226 1186 277 1311 lex
297 1248 431 1327 homine,
450 1249 582 1312 extersis
600 1249 754 1311 frondibus
772 1259 804 1312 et
821 1248 964 1333 scopulis:

140 1332 286 1398 Metando
304 1333 427 1416 eligitur
444 1335 557 1399 tumulo
574 1334 671 1410 locus,
691 1332 780 1398 Ostia
796 1334 947 1416 linquunt:
977 1410 981 1417 ⁸

225 1417 323 1480 Roma
342 1420 451 1501 placet,
471 1430 593 1482 sanctos
612 1439 687 1502 qnae
705 1426 807 1482 teneat
824 1419 951 1482 eineres.

142 1500 230 1566 Haud
250 1505 351 1585 procul
370 1515 507 1567 extremo
527 1504 605 1565 culto
624 1505 660 1566 ad
680 1505 811 1586 pomeria
823 1504 909 1568 =vallo

226 1587 329 1652 Mersa
348 1588 506 1651 latebrosis
525 1609 557 1651 cr
580 1597 628 1673 pta
647 1598 728 1670 patet
746 1587 851 1651 foveis.

141 1672 240 1736 Huius
259 1674 289 1734 in
308 1673 455 1736 occultum
475 1611 616 1754 gradilus
635 1674 684 1734 ria
703 1693 797 1756 prona
815 1672 939 1735 reflexis

226 1755 275 1820 lre
295 1779 348 1841 per
365 1758 520 1821 anfractus
537 1757 603 1820 luce
622 1757 733 1821 latente
753 1758 850 1821 docet.

143 1842 260 1906 Primos
278 1864 406 1924 namque
423 1844 505 1907 fores
523 1864 639 1906 summo
660 1853 746 1923 tenus
764 1843 859 1905 intrat
875 1842 957 1904 biatu

225 1925 429 2009 Inlustratque
448 1928 511 1991 dies
529 1927 632 1990 limina
651 1926 806 1991 vestibuli:

141 2011 231 2091 Inde,
249 2011 299 2074 ubi
318 2033 482 2096 progressu
501 2012 581 2075 facili
599 2012 773 2094 nigrescere
790 2011 856 2075 visa
876 2022 923 2075 est

226 2096 301 2164 Nox
319 2098 447 2159 obscura
465 2097 523 2160 loei
540 2118 594 2180 per
612 2117 718 2181 specus
736 2097 924 2180 ambiguum,

142 2182 315 2248 Occurrunt
333 2183 429 2245 caesis
447 2182 583 2245 inmensa
603 2182 749 2245 feramina
768 2183 872 2255 tectis,

228 2266 314 2348 Quae
332 2267 444 2330 iaciant
462 2268 560 2331 claros
578 2277 665 2330 antra
685 2289 777 2351 super
793 2267 905 2330 radios

142 2351 314 2436 Quamlibet
332 2353 478 2436 ancipites
497 2363 604 2415 texant
621 2353 690 2416 hinc
707 2353 777 2416 inde
795 2373 935 2416 recessus

188 2467 190 2470 ⁴
228 2439 305 2500 Arta
323 2437 378 2499 snb
398 2438 546 2500 umbrosis
564 2438 643 2501 atria
662 2437 841 2520 porticibus:
941 2461 945 2465 ·

142 2524 285 2585 Attamen
303 2522 399 2584 excisi
418 2522 522 2586 subter
539 2543 613 2587 aava
631 2522 750 2586 viscera
767 2523 878 2585 montis

229 2605 344 2670 Crebra
363 2607 515 2670 terebrato
533 2607 649 2671 fornice
666 2607 722 2670 lux
739 2618 888 2692 penetrat.

141 2690 194 2756 Sic
212 2694 299 2755 datur
317 2692 449 2755 absentis
467 2713 521 2776 per
538 2693 736 2756 subterranea
752 2693 825 2755 solis

135 2832 140 2836 .
230 2774 365 2842 Cernere
384 2776 531 2860 fulgorem
550 2777 772 2858 luminibusque
790 2776 861 2839 frui.
951 2774 959 2792 ⁸

142 2861 272 2926 Talibus
288 2861 442 2946 Hippolyti
461 2882 569 2944 corpus
586 2861 746 2925 mandatur
764 2861 893 2944 opertis,

227 2944 356 3029 Propter
375 2947 424 3009 ubi
442 2946 578 3029 adposita
596 2956 643 3009 est
659 2966 713 3009 ara
732 2945 828 3009 dicata
847 2944 926 3010 Deo.

141 3031 197 3095 llla
216 3032 397 3095 sacramenti
415 3031 559 3095 donatrix
576 3052 682 3095 mensa
699 3032 862 3114 eademque
881 3080 885 3099 .

229 3113 341 3178 Custos
362 3116 420 3183 fida
437 3116 483 3178 sui
502 3116 646 3213 martyris
664 3116 800 3199 adposita

143 3199 255 3265 Servat
272 3201 308 3262 ad
327 3201 544 3284 aeternixspem
562 3200 689 3264 vindicis
709 3221 779 3263 ossa
797 3201 953 3284 sepulcro,

227 3284 331 3348 Pascit
347 3286 419 3348 item
437 3286 550 3348 sanetis
568 3284 738 3348 Tibricolas
757 3285 891 3368 dapibus.

142 3368 225 3433 Mira
243 3370 301 3433 loci
320 3371 413 3452 pietas
432 3381 463 3433 et
480 3380 616 3455 prompta
633 3370 823 3454 precantibus
842 3391 896 3433 ara

208 3520 212 3535 ,
228 3452 303 3538 Spes
322 3455 473 3518 bominum
492 3456 607 3539 placida
626 3455 824 3539 prosperitate
843 3455 934 3519 iuvat.

142 3538 202 3602 Hic
221 3540 402 3624 conruptelis
420 3540 571 3623 animique
589 3551 620 3602 et
638 3541 773 3625 eorporis
792 3561 884 3624 aeger

92 3674 152 3726 tte.
162 3677 259 3724 intento
269 3674 291 3725 0
302 3673 395 3725 Cauch.
407 3671 448 3725 cd.
458 3673 610 3737 Tarrbld„
620 3676 720 3724 intacto
729 3673 797 3725 Rbm
807 3703 840 3711 -
851 3677 914 3739 144.
921 3675 1076 3735 Imauitne,
1088 3673 1121 3724 ci.
1133 3674 1202 3737 Cort.

98 3744 164 3793 Lne.
175 3743 219 3804 vt,
230 3744 290 3794 oud.
306 3773 342 3783 -
360 3743 419 3792 147.
439 3745 576 3792 recensitis
586 3758 602 3794 u
612 3741 672 3792 Ald.
685 3742 742 3793 Gis.
754 3741 817 3794 Cell.
828 3743 875 3793 Ar.
895 3772 929 3783 -
949 3743 1007 3795 lae.
1027 3744 1100 3792 inuia
1112 3741 1202 3792 Parth.

92 3812 153 3862 eitz.
163 3839 197 3849 -
212 3811 272 3862 153.
282 3810 356 3860 mutu
364 3809 437 3860 ΑΕΗ
450 3813 484 3850 ’-
498 3811 557 3861 154.
568 3814 716 3861 cavernosis
725 3813 761 3861 a:
780 3814 880 3876 scriptu
889 3810 927 3861 A:
942 3810 1069 3875 puerili,
1081 3810 1202 3873 ¹decedit,

92 3878 189 3930 totuis.
209 3906 241 3916 -·
261 3878 320 3929 159.
331 3878 601 3942 saciuatcresaerell
620 3907 654 3917 -
672 3879 731 3932 161.
747 3879 860 3928 Decurre
872 3876 948 3930 ntes
969 3875 1201 3939 culmensem,

92 3949 141 3998 rats
150 3953 210 4008 eet,
222 3947 384 4007 concisioni.
394 3947 486 3996 fletus.
502 3977 536 3986 —
550 3947 609 4001 162.
623 3949 725 3997 iaciunt
734 3949 758 3997 R
768 3947 825 3998 Gis.
838 3947 931 3997 Weitz.
941 3944 988 3997 Ar.
1002 3971 1036 3982 -
1056 3945 1116 3997 171.
1131 3945 1205 3995 dicu-

92 4017 139 4066 mte‘
147 4015 185 4075 Θ,
195 4029 285 4064 maresa
297 4016 346 4064 sub
354 4018 432 4064 ambo
441 4015 502 4076 ΔΟ,
519 4030 591 4065 meras
604 4015 663 4065 aad.
674 4015 696 4064 E
714 4041 748 4051 -
766 4014 825 4066 173.
844 4014 967 4074 vindicis]
986 4012 1111 4078 AOPpua
1120 4011 1203 4065 ntur.

92 4083 154 4136 nell.
164 4081 238 4147 Ald„
248 4083 345 4133 iudicia
355 4089 404 4133 eet.
415 4111 448 4122 -
458 4083 517 4135 175.
528 4087 622 4135 canneta
632 4082 736 4146 defle,
747 4081 807 4134 sort.
818 4087 922 4149 compta
932 4081 996 4149 (111,
1007 4081 1083 4149 2116.)

92 4201 353 4262 lbl.cnoair...teet.]
368 4201 512 4252 Sententia:
524 4201 616 4267 Sepnl-
649 4199 713 4250 radii
723 4206 870 4265 penetrant:
885 4198 919 4251 cl.
929 4213 953 4252 v.
965 4199 1036 4264 tue,
1051 4199 1117 4252 male
1127 4200 1205 4268 igitur

92 4284 130 4321 rm
139 4268 271 4334 Hippolyti
280 4269 307 4319 in
318 4268 402 4323 medio
413 4278 499 4320 monte
508 4278 556 4331 est,
567 4269 613 4320 sed
649 4267 853 4318 celsiacodd.·-
1031 4270 1037 4283 '

93 4336 154 4388 luce
167 4336 324 4396 illustretur,
344 4338 437 4402 tegitur
446 4345 512 4389 tento
526 4336 614 4388 multis
685 4335 743 4386 174.
758 4335 833 4402 dap]
852 4338 871 4388 i.
891 4350 915 4388 e.
934 4335 1101 4391 eucharistiae
1118 4350 1206 4389 suera-

92 4404 231 4458 aminibus
250 4403 388 4470 terebrato,
408 4421 454 4472 per
473 4419 538 4471 quae
552 4405 615 4456 solis
650 4409 746 4461 mento,
