2752 4854
445 258 545 309 eontra
565 248 726 329 symmach.
747 252 785 311 ll.

142 415 228 489 ileu,
248 425 382 479 nostram
401 426 547 501 temptare
563 418 667 493 ildem;
684 427 788 482 neoto
805 417 887 482 videt
904 441 938 483 aa
957 441 1003 483 me

142 500 292 574 Devotos‚
310 511 455 582 auguste,
475 499 559 576 Deo,
577 502 627 566 eui
645 503 765 566 sordido
782 504 891 586 templa

144 582 314 649 Clausimus
332 596 363 648 ot
381 586 615 649 madidas'sanie
631 587 793 651 deiecimus
810 607 891 651 aras.
1151 607 1201 657 765

142 668 231 734 Unus
247 679 353 732 nostra
371 680 458 753 regat
474 681 634 752 servetque
651 671 760 754 palatia
780 669 935 748 Christus,
973 690 976 695 ·

142 752 191 819 Ne
210 754 276 837 quis
293 752 458 819 Romuleas
476 755 602 820 daemon
618 758 679 819 iam
698 757 818 820 noverit
833 777 936 835 arces,

142 837 203 901 seu
222 838 278 901 soli
296 838 378 922 pacis
395 838 525 901 Domino
543 859 610 901 mea
627 840 742 903 serviat
758 841 838 904 nula.

168 954 178 983 ι
228 922 279 987 Sic
297 924 398 987 allata
416 923 481 1007 pios
498 922 597 987 lloma
614 925 756 989 exoravit
772 926 943 1009 alumpnum

142 1006 294 1090 Spernere
310 1008 443 1090 legatum
461 1029 522 1071 non
536 1007 721 1071 admittenda
738 1021 909 1092 petentem‚·

141 1091 291 1175 Legatum
309 1091 392 1156 loris
410 1113 452 1157 ex
469 1093 568 1179 adytis
586 1093 623 1157 ab
640 1095 777 1176 aruspice
796 1094 935 1170 missum,

140 1177 185 1240 At
203 1198 262 1239 non
281 1198 299 1239 a
316 1177 430 1260 patriae
451 1178 566 1259 patriae
583 1198 652 1241 nam
671 1178 767 1260 gloria
786 1176 937 1242 Christus,

141 1260 282 1325 Persistlt
298 1272 400 1324 tamen
417 1263 595 1336 adfirmans,
605 1263 674 1325 ,iter
689 1284 758 1327 esse
774 1263 878 1327 viandi

81 1346 83 1351 ’
140 1343 321 1409 Multifidum
338 1346 527 1429 variumque,
546 1345 630 1410 lleus
649 1369 715 1410 oum
734 1347 889 1430 quaeritur
906 1367 995 1411 unus.

87 1490 93 1503 ,
141 1429 223 1493 llino
240 1431 331 1504 alins,
351 1442 400 1495 ast
416 1431 484 1495 inde
502 1432 578 1495 alios
595 1453 757 1515 properare
775 1432 901 1496 seorsim
1151 1449 1199 1499 775

143 1513 299 1598 Quemque
317 1536 371 1598 per
388 1518 543 1579 anfractus
560 1517 713 1600 proprium
732 1518 785 1579 serl
804 1527 929 1600 conpeta
948 1516 1051 1580 eodem

140 1599 218 1663 Fine
236 1600 366 1664 coartari
385 1600 474 1663 simul
491 1611 523 1663 et
539 1614 720 1663 concurrere
738 1600 768 1662 in
788 1622 890 1663 unum.

140 1684 223 1766 Quin
242 1685 331 1748 etiam
350 1685 464 1747 eaelum
482 1694 571 1766 utque
588 1685 702 1759 solum,
720 1695 846 1764 ventos,
864 1705 964 1766 mare,
984 1684 1096 1763 nubes,

141 1767 288 1833 Omnibus
305 1769 336 1832 in
355 1789 502 1832 oonmnne
521 1770 601 1840 dari,
621 1769 670 1832 vel
688 1769 737 1850 qui
755 1769 881 1833 colimus
898 1781 943 1843 te,

142 1852 278 1927 Christe,
298 1853 348 1918 vel
364 1863 438 1917 exta
454 1853 543 1917 litant
558 1853 682 1937 sculptis
700 1852 750 1935 qui
768 1852 867 1917 tabida
884 1854 978 1917 saxis.
1097 1868 1100 1873 ’
1150 1872 1199 1922 rso

224 1937 296 2002 Non
314 1959 394 2022 nego
412 1958 588 2002 conmunem
606 1936 721 2001 eunctis
738 1937 913 2001 viventibus
927 1958 1014 2001 usum

139 2023 246 2096 Aeris,
267 2032 434 2100 astrorum,
454 2022 569 2105 pelagi,
588 2021 705 2085 telluris
723 2031 756 2084 et
770 2021 883 2086 imbris.
1096 2030 1101 2035 '

140 2107 204 2170 lmo
222 2106 312 2170 etiam
330 2106 459 2171 iniustus
476 2106 591 2190 pariter
607 2105 761 2189 iustusque
778 2107 835 2171 sult
853 2126 914 2170 uno

140 2193 212 2256 Axe
230 2191 378 2254 habitant:
397 2212 474 2256 unas
490 2192 570 2275 capit
585 2191 685 2275 inpius
703 2201 734 2255 ot
750 2191 816 2275 pins
833 2212 940 2267 auram
989 2240 994 2245 .

139 2275 252 2342 Castus
270 2287 301 2341 et
316 2277 465 2355 inoestus,
483 2276 630 2341 meretrix
646 2286 678 2340 et
695 2287 800 2361 nupta,
818 2297 874 2340 nee
892 2275 969 2339 alter
1149 2293 1198 2344 785

139 2359 203 2425 Ore
221 2361 402 2438 sacerdotis,
419 2381 507 2442 quam
526 2361 723 2425 murmillonis
742 2361 863 2424 anhelat

139 2445 163 2509 S
182 2445 286 2520 iritum,
306 2445 389 2509 aerio
406 2445 499 2508 vitam
517 2444 568 2527 qui
584 2455 732 2529 temperat
748 2446 868 2508 haustu.

137 2468 244 2594 Nlrlres
261 2550 357 2594 verna
374 2530 450 2613 pluit
466 2527 606 2615 Zephyro
623 2529 802 2614 inpellente,
821 2531 874 2593 sed
892 2549 986 2613 aeque

138 2614 229 2678 Foris
249 2624 281 2677 et
296 2614 419 2678 innocui
435 2615 576 2678 fecundat
592 2634 664 2679 rura
682 2614 790 2679 ooloni.

139 2699 278 2783 Gurgitis
295 2698 404 2765 aestivi
420 2699 465 2764 sio
482 2720 557 2782 pura
573 2699 686 2762 fluenta
702 2699 819 2774 viator,

87 2840 93 2853 .
138 2782 181 2848 111
198 2784 291 2862 latro,
308 2785 408 2849 fessus
425 2783 501 2849 alita
518 2783 564 2846 sio
581 2783 686 2866 piratis
703 2782 915 2856 marescant,

138 2866 182 2932 Ut
197 2868 376 2947 mercatori,
396 2888 452 2932 neo
469 2868 576 2931 fluetus
594 2866 687 2931 setius
705 2867 784 2931 hosti

142 2952 344 3036 (lltsequitur,
363 2973 451 3035 quam
470 2974 537 3016 oum
554 2951 654 3015 linitae
671 2952 732 3014 lert
749 2959 883 3015 transtra
900 2949 1035 3014 narinae.
1059 2972 1064 2979 “

138 3035 224 3120 Ergo
243 3057 341 3120 rapax
357 3037 513 3118 utriusque
529 3036 576 3100 roi
593 3047 702 3099 natura
719 3034 858 3099 creandis

137 3120 179 3186 Se
197 3121 320 3205 praebet
337 3121 469 3206 populis,
488 3141 544 3185 neo
562 3119 652 3184 habet
669 3120 841 3183 disseruero
859 3119 960 3203 dispar
1147 3136 1196 3187 795

136 3205 302 3272 Viventum
320 3206 475 3285 meritum,
495 3224 570 3288 quos
587 3215 702 3268 tantum
720 3224 845 3289 pasoero
861 3203 944 3267 iussa
961 3213 1018 3266 est.

138 3289 242 3354 Servit
259 3291 338 3353 enim
357 3291 500 3364 mundus,
519 3309 581 3353 non
597 3289 722 3352 iudicat:
742 3290 798 3353 lroo
816 3288 873 3353 sibi
890 3306 1024 3352 summus

136 3373 275 3438 Naturae
292 3373 440 3440 Dominus
456 3373 639 3459 praescripta
657 3373 689 3437 in
707 3384 842 3458 tempora
859 3383 973 3438 servat.
994 3430 998 3435 .

136 3457 228 3523 Nune
244 3461 355 3523 adsunt
372 3458 484 3522 homini
502 3458 571 3522 data
588 3479 713 3522 munera
730 3459 846 3542 legibus
864 3458 974 3536 isdem,
1089 3462 1094 3471 '

85 3576 148 3631 too.
158 3577 240 3645 qffatn
250 3579 306 3631 Gis.
327 3603 356 3616 ·-
376 3577 623 3643 71111131-
641 3573 884 3628 775.saorsomnlii
904 3602 933 3613 -
952 3572 1041 3629 lton
1092 3573 1196 3639 atoue

81 3644 159 3706 sein„
168 3645 204 3698 ol.
213 3646 248 3698 Δ.
263 3662 303 3713 pr.
314 3645 351 3710 7.,
362 3646 468 3713 conpita
477 3653 526 3699 oet.
542 3674 576 3685 -
586 3644 646 3698 781.
657 3646 903 3711 commone...ipaum
911 3641 972 3695 Atd.
986 3672 1021 3685 —
1033 3643 1067 3696 78
1086 3644 1197 3695 desumo

81 3711 586 3833 t-Gllpllflum‘mseoiuslzaeditoeE
597 3739 626 3751 -
646 3712 706 3765 7113.
717 3712 839 3766 licitoA:
855 3710 1196 3777 domionosertAld.Torn.

81 3795 110 3833 ts.
144 3796 158 3832 a
180 3809 232 3832 .-

85 3865 134 3918 781
147 3880 208 3932 eqq.
220 3864 352 3929 Nouato]
366 3866 465 3931 Spmm.
478 3863 497 3916 l.
507 3864 542 3917 l.:
556 3866 608 3917 Ae·
643 3863 861 3916 murmillonicum
873 3878 959 3930 genos
971 3867 1124 3916 armaturae
1134 3861 1198 3915 Gal-

81 3932 608 3999 raraeat,quidquidomnesoolatatt‚amam
643 3933 723 3984 lisam
740 3937 792 3997 est,
812 3934 915 3999 ipsique
931 3932 1120 3985 mmmtllionos
1137 3935 1197 3982 auto

81 4004 153 4053 mori.
171 4002 274 4054 Eodem
284 4007 433 4068 mantuanos
445 4005 528 4062 arma,
548 4016 609 4051 eon-
644 4001 714 4053 Galli
731 4001 844 4067 [quitoti
854 4003 880 4051 tn
891 4002 971 4053 armis
983 4004 1067 4062 erant]
1081 3999 1197 4066 appollo-

81 4069 301 4133 unoeaelomeet,
317 4069 560 4121 idamaeamunclm
569 4072 609 4120 tn-
643 4072 908 4135 omonimum
916 4069 1199 4135 galeispiaea'sofflgias

83 4137 142 4187 tait.
159 4137 230 4200 Quid
237 4140 355 4198 interest,
365 4153 419 4202 qno
429 4140 539 4202 quisque
542 4153 609 4205 part-
642 4140 746 4187 inerat:
763 4152 842 4202 quare
855 4136 1016 4201 aliquotVV.
1033 4135 1089 4188 ott.
1102 4149 1196 4187 mamm.

81 4207 142 4255 ntia
151 4220 240 4255 verram
248 4207 384 4270 inquirat?
394 4204 448 4258 Uno
458 4207 609 4256 itinerenon
642 4219 738 4255 nomen
748 4218 762 4254 a
771 4205 842 4270 pisce
850 4203 992 4264 mommo,
1007 4204 1049 4255 alti
1063 4202 1230 4269 allpmni*

81 4276 138 4323 ’test
145 4275 281 4337 perveniri
294 4273 331 4323 od
343 4278 398 4325 mm
410 4272 512 4338 monde
524 4288 609 4323 seero-
642 4271 907 4322 dommodeduennte
915 4269 960 4322 sd.
971 4269 1058 4322 Sehol.
1069 4269 1100 4322 nd
1110 4274 1197 4320 turen.

81 4355 154 4391 νη.-
166 4339 226 4391 183.
236 4340 363 4403 statut,
377 4343 459 4392 ro-
469 4337 530 4391 786.
538 4354 609 4390 mose
643 4339 715 4398 vlu,
737 4338 796 4390 199.
822 4337 910 4389 Voles.
928 4338 956 4390 in
970 4336 1102 4389 Ammtan.
1115 4339 1196 4389 Mare.

81 4407 178 4471 ttloma]
196 4409 265 4460 Fest.
285 4405 608 4474 p.233.‘(ed.Lindem.):
644 4404 1147 4474 7111111,μ.385.1.11)ε.811.11,2,1θ.
