2744 4852
565 269 657 351 Caput
673 271 708 331 ll.
1139 293 1222 337 xxix

72 458 179 502 omnes
196 448 228 502 et
245 436 383 502 versibus
400 437 523 501 insertis
542 438 695 502 abundant
711 449 741 503 et
760 439 948 523 glossematis
967 441 1030 504 lere
1048 442 1219 505 innumera-

71 524 182 587 bilibus
200 522 306 586 relerti
328 532 413 601 sunt3
442 522 493 585 ubi
519 523 597 586 enim
621 534 749 587 metrum
772 535 824 588 aut
846 524 927 588 biatu
953 537 1006 589 aut
1027 527 1221 609 productione

71 609 207 695 syllabae
221 607 322 670 brevis
341 607 493 669 cuiusdam
513 607 657 672 difficilius
670 609 838 683 videbatur,
855 621 907 673 aut
919 610 970 672 ubi
983 611 1107 674 verbum
1122 612 1220 675 minus

72 695 216 757 usitatum
233 693 266 756 iu
284 702 371 754 textu
388 692 560 774 legebatur,
584 703 636 756 aut
653 695 702 757 ubi
721 695 799 757 ratio
818 695 1011 777 grammatica
1029 708 1135 778 poetae
1153 718 1220 759 cum

72 778 193 859 vulgari
217 799 277 840 nou
296 777 516 850 consentiebat,
546 789 738 842 mutaverunt
764 779 829 842 sive
853 791 1052 864 corruperunt
1073 782 1220 863 genuinos

71 861 230 927 Prudentii
248 862 330 925 locos
348 861 474 924 librarii.
513 859 606 927 Codd.
626 864 807 927 deteriorum
825 864 955 927 familiae
973 867 1103 928 fortasse
1120 866 1220 950 plnres

73 948 218 1031 distingui
240 957 381 1031 possunt,
410 947 487 1028 quod
508 947 756 1031 interpolationes
773 947 957 1034 Bongursz'i
975 970 1011 1013 ae
1031 948 1223 1016 deunni

72 1034 158 1097 codd.
186 1054 252 1095 cnm
284 1031 345 1107 eis,
379 1052 454 1113 quac
485 1031 588 1095 insunt
612 1033 645 1095 iu
677 1034 799 1116 anitiquo
826 1034 960 1116 quidem,
989 1046 1021 1098 at
1047 1055 1065 1098 a
1096 1035 1221 1099 librario

70 1139 134 1181 sec.
152 1116 225 1182 XV.
245 1117 304 1181 vel.
328 1114 415 1180 XVl.
435 1128 592 1200 corrupto,
622 1117 879 1181 Rutisdouncnca'
903 1130 933 1181 et
958 1119 1023 1182 eius
1048 1121 1221 1204 apographo

70 1202 240 1289 Progensa'
264 1211 352 1284 atque
375 1201 488 1283 aliquot
508 1201 684 1265 Vaticanis
707 1203 883 1287 praesertim
905 1203 937 1266 iu
954 1202 1066 1289 Psycb.
1086 1216 1119 1268 et
1135 1203 1219 1289 Dipt.

70 1309 134 1351 nou
153 1288 274 1350 omnino
293 1289 494 1349 consentiunt.
539 1286 688 1370 Quoniam
715 1299 815 1351 autem
841 1287 911 1351 libri
933 1289 986 1350 mti
1008 1290 1044 1351 ad
1067 1300 1184 1352 textum
1203 1311 1221 1353 a

71 1372 155 1437 vitiis
174 1372 357 1457 purgandum
381 1370 453 1434 nibil
472 1373 647 1450 conferunt,
668 1394 771 1435 corum
792 1372 895 1436 varias
916 1373 1061 1437 lectiones
1079 1374 1218 1452 selectas,

72 1479 136 1521 nou
154 1457 290 1539 integras
309 1456 454 1519 dedimus.
509 1455 551 1522 Ut
572 1458 668 1520 lector
689 1456 763 1541 ipsis
786 1457 880 1521 oculis
904 1458 1021 1537 videat,
1051 1459 1098 1522 661
1117 1459 1221 1542 generi

70 1543 159 1606 codd.
180 1540 291 1624 singuli
299 1539 341 1615 ¹4)
366 1541 554 1605 adscribendi
571 1552 657 1619 suut,
681 1543 813 1605 tabulam
832 1543 1065 1628 comparativam
1083 1553 1235 1619 extremo,

71 1628 144 1691 buic
161 1626 251 1712 capiti
269 1625 477 1709 adiungemus.

70 1820 141 1867 tates
149 1814 298 1867 transscribi
308 1815 445 1876 iusserint;
460 1813 503 1865 vd.
513 1815 647 1866 Heereu.
658 1812 812 1866 Gcscbicbte
821 1813 866 1866 der
874 1814 951 1866 class.
962 1814 1067 1866 Literat.
1078 1815 1114 1865 im
1123 1815 1223 1867 blittol-

70 1883 146 1935 niter.
155 1885 189 1937 11.
199 1899 226 1950 p.
234 1884 267 1935 32
277 1898 337 1949 sqq.
357 1885 444 1945 Quare
452 1882 535 1935 vatic.
546 1881 589 1934 illo
598 1880 706 1934 urblnas
715 1881 838 1951 (6.666.)
849 1897 907 1935 mox
916 1882 949 1933 ad
958 1881 1032 1945 banc,
1043 1897 1102 1933 mox
1110 1881 1143 1934 ad
1151 1883 1222 1934 illam

69 1950 197 2003 familiam
206 1965 265 2005 sese
273 1952 393 2019 applicat.

107 2035 155 2104 13)
170 2035 286 2087 Contulit
297 2035 367 2087 bunc
381 2035 422 2086 cd.
438 2049 492 2087 sec.
506 2035 543 2087 X.
557 2040 686 2086 exemtum
700 2032 842 2085 Mareotim
855 2031 944 2100 (brev.
958 2047 986 2099 p.
997 2033 1069 2100 uu),
1087 2035 1131 2099 qui
1146 2034 1179 2085 de
1192 2049 1222 2086 eu

70 2102 224 2155 haecdicit:
245 2104 331 2166 „Cod
346 2104 498 2157 Monosterii
512 2103 540 2154 S.
556 2103 677 2154 Emerani
689 2101 791 2153 Ratisb.
812 2106 893 2164 [nuuc
907 2100 1026 2153 bibliotb.
1042 2103 1222 2165 Monacensis]

70 2173 189 2224 omnium
199 2173 406 2237 antiquissimus,
415 2186 481 2238 quos
491 2170 606 2233 viderim,
614 2179 639 2222 et
648 2171 722 2236 plane
731 2169 826 2233 bonus,
834 2171 885 2221 nisi
894 2170 1105 2236 imperitissimus
1116 2172 1223 2236 quidam

71 2239 154 2291 multa
164 2254 212 2292 sua
222 2241 400 2292 substituisset
408 2240 538 2305 prioribus
548 2241 583 2290 ita
593 2241 716 2304 erasis,ut
726 2239 826 2289 nulium
836 2239 942 2290 omnino
952 2240 1050 2304 priscae
1059 2240 1223 2304 supersitvc·

70 2308 190 2373 eligium.
210 2307 1155 2374 066166666616Ρ66666116166166166661ςί6661166661166666611161,
1172 2308 1222 2358 nisi

71 2375 153 2429 auu·
168 2376 348 2428 nanciscamur
361 2383 469 2428 veterem
484 2376 526 2427 cd.
537 2383 703 2441 praeterens,
724 2375 820 2440 quibus
834 2376 876 2425 usi
889 2389 982 2425 sumus
1001 2375 1047 2434 [ci.
1057 2381 1112 2426 not.
1124 2376 1181 2437 63.]
1199 2383 1224 2426 et

71 2458 125 2563 tt
135 2441 1224 2578 663236636662616·..363133166761166133

115 2548 125 2564 .
234 2548 252 2576 .,
533 2547 540 2562 .
975 2548 981 2560 .
1192 2548 1199 2562 .

72 2580 192 2633 Continet
201 2581 454 2632 carminaPrndeutii
464 2579 512 2631 boc
521 2578 622 2630 ordine:
635 2578 1222 2645 66116.1...Χ.,Ρ66161.1...Χ11.(11111.61ΧΝ.

72 2647 511 2716 desum),C.X1.X11.,Diptycb.,
522 2647 677 2713 Apotbetc.
694 2646 828 2698 Librarius
838 2660 876 2709 ea,
888 2661 955 2712 qnae
963 2645 1059 2712 vulgari
1069 2647 1130 2698 artis
1140 2661 1224 2712 gram-

71 2717 221 2767 6661166666
231 2717 349 2769 metricae
359 2718 448 2768 rationi
460 2714 646 2782 repugnabant,
658 2715 730 2766 aliter
738 2715 857 2777 mutavit,
869 2729 947 2780 quum
958 2715 985 2765 in
995 2715 1084 2766 ceteris
1094 2715 1171 2766 codd.
1181 2717 1225 2767 iu·

70 2783 311 2851 torpolatisinvenl.
329 2786 429 2836 Harum
444 2784 593 2844 lectionum,
610 2797 675 2848 quas
684 2783 712 2833 16
723 2782 812 2833 adnot.
822 2783 888 2844 crit,
905 2782 1224 2847 quiaeerumadiumento

71 2859 149 2919 poeta
157 2852 289 2905 emendari
299 2854 398 2917 nequit,
410 2866 461 2903 non
471 2866 562 2904 omncs
573 2850 707 2912 dedimus,
718 2851 816 2915 aliquot
824 2850 866 2901 bic
875 2849 1066 2901 adscribamus:
1083 2850 1167 2912 C.V1‚
1179 2853 1221 2903 66.

71 2920 150 2982 uidit,
160 2920 231 2986 quod
240 2918 346 2987 periret.
357 2921 507 2983 antecessit,
519 2934 566 2986 pro
574 2919 660 2983 oidet;
669 2921 729 2981 ΧΠ,
742 2919 800 2971 133.
807 2919 923 2985 profuit,
936 2917 1100 2984 61666617,-
1110 2919 1222 2972 Ponet.

69 3021 128 3056 esea
141 3004 294 3068 ostendant,-
308 3004 404 3070 Apotb.
415 3004 475 3057 770.
494 3004 560 3055 lisso
569 3003 669 3067 Deum,
686 3006 733 3070 qui
744 3018 786 3054 me
801 3004 852 3053 titt
857 3003 991 3068 praeripit
1002 3017 1070 3053 nour
1078 2986 1173 3064 bum,
1184 3003 1222 3054 ib.

51 3110 59 3117 -
71 3072 136 3125 281.
151 3071 303 3124 6161166666
316 3072 428 3123 lauanti
441 3073 531 3123 obstat
541 3073 695 3137 rabiemque
707 3071 822 3135 resellit;
836 3072 914 3121 Hem.
925 3070 986 3121 463.
1004 3072 1111 3122 locunt
1123 3072 1224 3136 lapidee

64 3142 192 3206 ι11666666
199 3155 269 3191 uana
277 3140 385 3191 deomant
390 3160 400 3203 ,·
420 3143 464 3190 Ps.
475 3141 535 3192 714.
554 3140 679 3190 Estmr'tri
686 3143 843 3205 praeceptor
851 3138 938 3188 Belial
947 3138 1016 3187 dom.
1027 3143 1087 3199 etc,
1103 3146 1131 3188 ut
1140 3139 1222 3191 Gisel.

71 3208 379 3275 11.,e.85mm.11‚8e.:
395 3207 465 3259 Naro
473 3209 550 3270 genti
557 3209 700 3270 octonique
708 3221 772 3256 snus
780 3221 844 3255 mor.
868 3206 899 3256 16
915 3205 1114 3270 Pspcbomaebia
1128 3206 1224 3258 adsen-

71 3276 174 3327 tiuntur
184 3278 366 3342 praeterPrag.
376 3274 492 3325 Vaticani
502 3275 601 3340 peiores
612 3273 690 3326 3267.
702 3271 753 3340 (6),
766 3274 808 3324 76.
825 3272 944 3338 (Auget.)
959 3280 984 3324 et
994 3274 1149 3326 Viennensis
1158 3275 1222 3343 (w),

71 3343 116 3396 td.
126 3344 188 3399 244.
201 3342 247 3395 ubi
261 3343 286 3394 bl
300 3351 421 3408 quattuor
432 3344 574 3406 ieiunoque
588 3340 720 3402 exhibent,
736 3355 760 3392 r.
770 3342 821 3393 266
831 3348 880 3392 etc.
899 3342 1098 3407 'Nonnunquam
1109 3343 1156 3395 bae
1165 3358 1224 3396 eor-

70 3412 201 3464 rectiones
210 3425 270 3463 curn
279 3412 392 3471 6161616,
408 3412 558 3476 praesertim
569 3410 596 3460 iu
606 3409 700 3476 Pspcb.
710 3416 735 3461 et
744 3408 802 3459 libr.
813 3409 871 3460 adv.
883 3410 993 3476 symm„
1008 3413 1177 3474 conveniunt,
1194 3420 1224 3464 ut

71 3478 208 3531 librarium
219 3487 263 3530 ant
272 3479 330 3530 cod.
341 3477 436 3531 616166
447 3478 525 3529 simili
534 3479 645 3544 autipsa
659 3477 721 3530 6161
736 3477 797 3528 edit.
813 3492 890 3528 usum
905 3492 963 3528 esse
977 3478 1029 3529 iere
1043 3479 1164 3530 credibile
1177 3481 1221 3542 sit,

71 3547 116 3601 vd.
127 3548 173 3598 Ps.
187 3560 211 3599 r.
223 3547 283 3599 379.
299 3562 325 3613 p.
338 3548 407 3607 121.,
423 3562 447 3596 v.
458 3549 518 3600 262.
537 3547 647 3597 inbuere
661 3552 688 3596 et
693 3546 800 3611 fragili
813 3544 872 3610 (ubi
881 3545 944 3596 utu.
956 3545 1084 3612 typotheta
1098 3546 1181 3615 666),
1197 3562 1220 3599 6.

71 3616 174 3683 symm.
183 3629 208 3667 v.
218 3615 280 3667 472.
290 3630 317 3681 p.
330 3616 398 3676 172,
409 3615 484 3666 8346
503 3615 533 3664 ln
541 3612 1182 3679 66366666616616661766661666666616661616.

109 3700 156 3766 14)
171 3698 253 3750 Codd.
268 3699 411 3764 interpolati
426 3699 451 3748 16
468 3696 628 3749 bibliothecis
643 3697 715 3747 multi
732 3704 903 3758 asservantur,
921 3698 966 3748 sed
982 3712 1040 3749 cum
1055 3704 1151 3749 veteres
1164 3712 1222 3749 raro

70 3768 251 3830 inveniantur,
262 3781 358 3834 paucos
372 3766 412 3816 hic
427 3765 563 3816 subiciam.
583 3765 640 3816 Sec.
655 3765 691 3816 X.
705 3766 797 3815 exarati
812 3765 970 3816 indicantur:
986 3764 1026 3816 St.
1039 3765 1220 3817 Omcrensirn.

71 3836 136 3889 366.
151 3834 347 3901 (16.1166661.
362 3833 468 3899 catalogi
483 3833 542 3884 libr.
553 3847 629 3895 mss,
645 3833 690 3898 qui
700 3833 725 3883 in
735 3830 799 3884 bibl.
811 3833 918 3893 Galliae,
933 3833 1013 3897 Belgii
1024 3839 1072 3883 etc.
1087 3847 1223 3885 asservan-

68 3910 124 3956 tur.
136 3903 207 3968 Lips.
221 3903 296 3955 1836.
311 3905 337 3954 4.
352 3918 379 3969 p.
389 3903 450 3956 266.
469 3903 569 3953 Pertz.
580 3901 598 3952 l.
609 3901 626 3952 l.
641 3916 669 3968 p.
680 3900 764 3968 413),
785 3901 973 3966 7661666666.
990 3899 1096 3950 Haenel.
1110 3914 1137 3965 p.
1149 3902 1221 3964 482„

69 3969 314 4023 Bimisdelensien.
324 3971 367 4025 23.
385 3970 506 4037 (1166661.
517 3969 603 4037 (idi),
617 3969 797 4019 Bruxeliensis
807 3984 834 4020 6.
850 3968 943 4020 11686.
958 3967 1055 4032 (Perta.
1070 3983 1096 4033 p.
1108 3969 1183 4038 538.)
1197 3978 1223 4023 ct

68 4038 272 4105 Sangallenres,
287 4038 429 4104 dequibus
444 4038 587 4089 vd.not.3.
609 4039 665 4089 Sec.
676 4038 723 4086 xl.
743 4037 834 4087 exarati
855 4036 987 4086 dicuntur:
1007 4034 1173 4091 Bruxellens.
1193 4055 1220 4090 n.

71 4107 169 4162 10073.
190 4105 321 4173 (Perinp.
333 4106 418 4174 633),
440 4106 614 4167 Ortacocnsis,
634 4106 678 4170 qui
688 4104 779 4169 Pspcb.
795 4104 877 4154 solam
891 4101 1012 4166 continet,
1032 4105 1101 4169 opud
1111 4108 1220 4158 Haencl.

67 4173 436 4244 p.27⁷.,tttcset1n·uanntet
450 4172 572 4241 (Pspcb.)
587 4188 614 4223 n.
625 4173 711 4233 3093,
724 4187 751 4222 n.
762 4172 839 4224 3023.
854 4167 1005 4235 (earnem),
1022 4171 1222 4239 Cantabrigicn-

67 4245 108 4295 erle
117 4242 183 4294 bibl.
194 4243 327 4294 Benedicti
341 4258 368 4294 u.
379 4244 422 4296 23.
437 4242 508 4303 (adr.
519 4243 617 4307 symm.
627 4238 688 4289 libr.
698 4246 724 4290 et
734 4237 822 4303 Pspcb.
839 4236 978 4298 „iconibus
989 4246 1013 4290 et
1023 4240 1164 4306 allegoricis
1173 4256 1222 4293 cu-

68 4309 562 4378 [16666666666666166661661361682
574 4306 708 4372 ornat.“);
727 4305 759 4356 de
772 4304 878 4369 reliquis
887 4305 995 4372 Angliae
1005 4307 1092 4370 codd,
1108 4310 1153 4374 qui
1164 4325 1222 4361 onr-

67 4394 120 4433 nes
130 4386 175 4431 aut
185 4380 337 4431 recentiores
351 4385 396 4430 ant
408 4380 497 4430 aetatis
506 4378 617 4427 incertae
630 4373 779 4435 afferuntur,
794 4373 862 4424 coni.
873 4374 914 4427 ed.
924 4375 1036 4426 Londin.
1047 4376 1065 4427 l.
1075 4375 1094 4427 l.
1113 4378 1151 4428 Ne
1161 4379 1220 4443 quis

68 4450 98 4501 16
108 4448 239 4516 Hispania
255 4446 335 4502 libros
353 4454 422 4500 mtos
436 4444 569 4498 Prudentii
587 4442 708 4509 antiquus
725 4440 803 4495 latere
821 4442 948 4511 opinetur,
964 4443 1013 4496 bos
1030 4441 1063 4495 ab
1072 4444 1180 4497 Haenel.
1195 4453 1221 4497 et
