2744 4852
113 248 191 293 xmv
583 229 782 311 Prolegomcn.

115 398 152 461 de
177 397 253 462 viris
280 396 447 462 illustribus
470 397 562 462 libelli
585 407 685 483 partes
708 397 850 481 quasdam
877 397 1025 475 eontinet,
1054 398 1162 482 quibus
1180 401 1257 465 inter
1292 426 1305 477 ·,

112 481 199 547 varia
220 483 353 546 carmina
376 483 465 547 etiam
489 483 547 545 duo
565 482 763 547 Prudentiani
784 482 900 568 hymni,
922 480 1130 567 Peristepban.
1149 484 1210 551 IV.
1228 495 1257 550 et
1303 480 1305 549 ἶ

112 565 162 641 V.,
180 567 288 631 inserti
305 578 385 632 sunt.
413 567 525 635 Varias
542 567 687 632 lectiones
705 567 838 632 dedimus
857 587 960 631 omnes
979 578 1010 630 et
1027 569 1094 633 cod.
1115 568 1258 634 litteraG

115 650 296 717 notavimus.

197 735 465 803 RREUSSLERI
483 738 547 802 cod.
567 737 697 802 chartac.
716 736 784 820 (4.),
805 737 853 820 qui
873 737 958 801 varia
976 738 1121 814 continet,
1141 738 1257 804 sivein

112 821 172 884 linc
189 842 248 886 sec.
267 821 340 889 XV..
360 823 425 889 sive
446 823 476 886 in
498 823 564 887 init.
584 820 674 888 XVl.
699 822 829 905 scriptus
852 841 919 885 esse
940 821 1074 902 videtur,
1100 824 1172 905 quia
1190 824 1257 888 edit.

112 904 234 970 Horatii
251 906 420 973 Satirarum
436 905 605 993 Lipsiccsi
631 927 676 990 ap.
700 905 774 971 Nic.
794 905 874 969 Lem
901 915 997 970 crter.
1019 917 1050 970 et
1065 905 1259 974 Bultbusur.

110 989 239 1056 Moror.
262 993 380 1056 adfixus
402 1003 457 1065 est.
500 989 585 1055 Inest
606 992 702 1055 ultera
723 1002 838 1054 tantum
887 991 997 1077 iptycbi
1019 1012 1088 1076 pars
1112 993 1287 1057 cumbae·

110 1076 320 1161 inscriptione:
353 1076 484 1159 Acrclp
509 1076 680 1158 Pmdenty
710 1075 795 1140 liber
824 1074 1024 1157 Hystoriuru
1053 1079 1133 1140 noui
1158 1087 1258 1141 tcuto-

112 1163 227 1241 menta
252 1161 284 1223 in
307 1172 444 1224 extremo
463 1162 618 1245 leguntur:
639 1160 731 1224 Finis
750 1162 916 1225 testamen·
930 1162 1010 1224 noui
1024 1160 1162 1247 Autclz'j
1177 1162 1258 1248 (sic).

111 1243 246 1309 Iudicavi
264 1246 343 1310 hunc
360 1246 469 1310 librum
487 1257 579 1309 uatum
597 1244 636 1309 Ii.

197 1330 334 1414 Quorum
356 1330 486 1414 quinque
508 1332 594 1394 codd.
621 1329 751 1394 omnium
777 1331 910 1395 maxime
934 1331 1074 1407 excellit,
1103 1332 1173 1416 quia
1191 1353 1261 1397 cum

111 1412 323 1498 Egmoudano,
333 1415 472 1479 Palatino
491 1436 526 1480 ac
539 1415 675 1479 Puteano
692 1436 811 1500 semper
828 1416 911 1495 facit,
931 1414 1210 1501 Guelferbytanus
1218 1416 1260 1498 1.,

112 1501 196 1564 cuius
224 1501 369 1564 lectiones
400 1523 466 1564 cum
497 1521 622 1585 perraro
654 1522 715 1563 nou
746 1501 947 1585 recepissem,
981 1502 1092 1565 factum
1124 1513 1192 1583 est,
1225 1512 1262 1567 ut

111 1583 259 1664 Wcitzii,
283 1585 409 1650 Arevali
431 1586 616 1669 aliorumque
638 1585 713 1648 artis
730 1585 853 1650 criticae
874 1586 906 1648 in
923 1585 1087 1650 Prudentio
1110 1607 1260 1651 exercen-

111 1670 167 1734 dae
184 1670 331 1734 rationem
350 1691 473 1755 prorsus
491 1671 692 1754 relinquerem
710 1681 742 1735 et
754 1669 951 1734 Heiusiauam
968 1671 1137 1755 probarem,
1154 1692 1262 1756 quam·

111 1775 200 1838 quam
228 1755 432 1818 recensionem
460 1776 556 1820 meam
582 1756 619 1818 ab
645 1755 732 1818 huius
753 1753 792 1820 V.
815 1754 853 1819 D.
880 1755 1017 1819 instituta
1044 1778 1261 1841 nonnunquam

112 1840 233 1904 differre
260 1841 468 1904 adnotationes
496 1840 619 1904 criticae
646 1840 903 1903 demonstrabunt.
954 1837 1031 1905 Cum
1056 1843 1136 1905 enim
1162 1841 1261 1906 Hein-

112 1925 190 1989 sium
209 1926 292 1988 codd.
312 1947 384 1989 suos
402 1925 592 2010 negligenter
609 1925 772 1988 contulisse
790 1946 881 2009 supra
898 1925 1074 2001 dixerimus,
1092 1925 1262 2011 scripturas

112 2010 226 2093 aliquot
251 2031 348 2093 neque
374 2011 411 2074 ab
439 2013 494 2074 hoc
521 2031 618 2094 nequa
645 2011 681 2073 ab
709 2009 776 2072 aliis
798 2011 891 2094 intpp.
915 2011 1020 2074 allatas
1043 2011 1074 2073 iu
1098 2012 1163 2075 cdd.
1182 2011 1262 2075 mais

111 2095 216 2159 inveni
235 2105 265 2158 et
281 2096 313 2157 in
331 2095 397 2179 ipsa
413 2093 568 2158 Prudentii
585 2094 679 2159 verba
696 2094 821 2157 inserui.
859 2093 1049 2159 Coniecturis
1068 2105 1166 2160 autem
1185 2117 1261 2160 raro

111 2178 234 2253 indulsi,
254 2179 323 2262 quia
340 2200 359 2240 a
378 2179 468 2242 rebus
487 2189 569 2241 certo
585 2179 777 2241 fundamento
792 2200 851 2241 non
866 2180 997 2243 fundatis
1016 2180 1166 2245 abstinere
1185 2182 1261 2246 milri

111 2265 293 2350 propositum
309 2275 385 2327 erat.
413 2263 557 2328 Guelferb
582 2274 651 2326 tano
668 2262 747 2326 libro
764 2263 807 2325 illi
824 2265 1028 2329 vetustissimo
1043 2265 1173 2349 proximi
1187 2277 1263 2330 sunt

111 2348 436 2434 Rottendcrpbiccus
461 2359 493 2412 et
561 2347 854 2432 cissenburgensis,
881 2349 1016 2432 quamvis
1040 2350 1088 2413 hic
1110 2371 1261 2413 nonnum-

112 2456 199 2515 quam
217 2432 419 2518 Bongarsiani
447 2455 482 2497 ac
500 2433 783 2508 Widmanniani77)
806 2435 882 2499 vesti
906 2433 934 2495 ia
957 2446 1079 2517 premat.
1126 2433 1170 2496 De
1194 2433 1263 2497 Go-

113 2519 212 2583 tbuoo
231 2519 307 2583 idem
327 2529 425 2601 potest
438 2519 506 2593 dici,
520 2518 708 2603 interpolatis
722 2529 821 2582 autem
839 2456 933 2581 tobim
948 2519 1109 2581 adnumero
1119 2517 1261 2583 Iireoss-

114 2602 283 2666 lcrz‘ucum.
309 2601 447 2667 Meorum
467 2614 566 2666 autem
583 2604 668 2666 codd.
685 2603 828 2682 omnium,
843 2599 1046 2684 Egmondani,
1062 2603 1262 2685 Palatini73),

112 2687 346 2751 Heinsianorum
368 2698 398 2751 et
414 2686 633 2753 Vaticanorum
655 2710 687 2750 n.
708 2687 803 2754 5859.
823 2707 854 2750 n.
873 2688 967 2755 2078.
987 2709 1016 2751 n.
1035 2689 1088 2755 58.
1109 2710 1137 2751 n.
1155 2689 1208 2755 74.
1227 2701 1264 2753 et

112 2774 205 2842 1702.
226 2774 255 2855 [i.
275 2793 300 2837 e.
320 2794 340 2836 c
357 2771 379 2835 Ιι
398 2794 415 2835 o
432 2793 456 2857 p
477 2777 507 2859 q]
531 2773 685 2837 variantes
707 2771 852 2837 lectiones
874 2772 1012 2856 integras
1031 2773 1107 2851 dedi,
1124 2772 1262 2856 interpo-

112 2859 241 2922 latorum
259 2869 358 2922 autcm
375 2858 520 2922 selectas:
546 2878 621 2941 qnae
638 2857 716 2921 ratio
733 2878 859 2934 vereor,
882 2867 915 2919 ut
935 2857 968 2918 in
985 2857 1158 2940 cuiusquam
1176 2859 1259 2923 vitu-

111 2944 295 3028 perationem
312 2944 463 3020 incurrat,
486 2942 592 3025 quippe
614 2941 665 3022 qui
686 2940 724 3003 ad
747 2939 841 3005 verba
858 2950 964 3022 poetae
982 2942 1167 3005 emendanda
1183 2942 1263 3008 nihil

114 3029 270 3091 admodum
288 3027 410 3090 faciant.

198 3113 257 3177 Sed
277 3133 343 3176 cum
361 3111 438 3174 hanc
456 3108 614 3174 editionem
632 3107 664 3170 in
683 3128 768 3171 nsum
787 3106 964 3191 praesertim
981 3107 1187 3192 theologorum
1206 3133 1261 3196 pa-

111 3218 229 3273 rarem,
263 3200 363 3261 lacere
389 3217 450 3259 non
476 3194 574 3280 potui,
606 3192 678 3279 quin
705 3193 912 3256 adnotationes
939 3214 1055 3276 quoque
1082 3197 1262 3276 exegeticus

113 3293 202 3364 atque
220 3283 429 3364 prolegomena
448 3282 598 3344 adderem.
635 3278 672 3342 ln
690 3278 878 3343 elaborandis
895 3276 955 3341 illis
973 3278 1051 3341 beati
1070 3277 1259 3364 Boumgur-

113 3364 297 3429 tec-Crusz'c'
312 3366 455 3427 monitum
474 3375 544 3428 ante
561 3364 662 3427 oculos
681 3362 782 3443 habui,
798 3362 849 3444 qui
870 3362 914 3426 cis
928 3363 1168 3427 adnotationibus
1184 3366 1260 3449 dog-

113 3451 230 3514 maticis
261 3449 476 3531 asceticisque,
508 3448 614 3531 quibus
641 3445 766 3509 Patrum
795 3445 1078 3512 Ecclesiasticorum
1110 3449 1259 3516 editiones

112 3535 253 3615 vulgatae
275 3553 368 3617 paene
387 3542 529 3596 oneratae
552 3541 670 3611 essent,
690 3552 746 3594 nos
764 3531 852 3594 facile
871 3551 975 3596 carere
1013 3554 1080 3597 osse
1097 3535 1258 3601 verissime

114 3619 185 3683 milri
204 3617 394 3701 significavit.
429 3617 511 3681 Idem
531 3618 595 3681 iere
613 3617 649 3679 ad
669 3636 716 3680 me
734 3615 855 3699 scripsit
871 3614 910 3683 V.
925 3615 965 3678 D.
983 3555 1123 3682 dovotus
1135 3618 1258 3703 Hcsclc

114 3705 282 3789 theologiae
312 3703 419 3766 cathol.
446 3705 601 3786 professor
625 3701 828 3786 'l'ubingeusis
855 3699 907 3764 ille
932 3702 1125 3767 clarissimus.
1177 3705 1255 3788 Quid

113 3791 225 3875 igitur?
241 3789 274 3853 iu
292 3788 504 3852 commentario
526 3786 688 3849 maximam
711 3798 825 3871 partem
843 3785 984 3849 historias
1002 3787 1136 3853 breviter
1152 3790 1256 3873 expla-

114 3876 185 3942 navi
202 3887 233 3940 et
256 3873 436 3938 sententiam
457 3871 627 3936 enucleavi:
655 3882 760 3934 contra
783 3890 860 3952 quae
882 3870 919 3934 ad
943 3872 1082 3954 dogmata
1104 3885 1135 3937 et
1157 3896 1255 3958 gram-

114 3961 251 4024 maticam
270 3968 421 4044 spectant,
445 3958 477 4020 in
499 3956 718 4041 prolegomenis
741 3954 879 4038 exposui.
925 3956 1012 4039 Quod
1034 3979 1254 4042 nonnumquam

114 4046 322 4109 adnotationes
340 4044 377 4107 ab
396 4042 463 4106 aliis
481 4041 693 4125 interpretibus
712 4042 806 4103 lactas
822 4039 991 4105 nominibus
1009 4064 1111 4108 eorum
1128 4045 1255 4108 laudatis

114 4129 235 4215 repetii,
264 4151 351 4194 nemo
377 4149 424 4194 me
451 4125 643 4213 vituperabit.
697 4123 877 4209 Exemplum
910 4126 988 4190 enim
1020 4128 1050 4192 in
1082 4128 1138 4192 boc
1168 4141 1255 4216 pocta

142 4314 196 4468 ‘ibi
213 4315 390 4467 bilibihb.
401 4399 433 4456 cl.
444 4415 470 4467 p.
481 4402 612 4454 xxxv'u.
625 4407 677 4453 not.
689 4400 741 4467 tl„
754 4400 786 4454 dc
796 4402 875 4455 Palat.
887 4417 913 4453 n.
924 4401 966 4454 38.
