2752 4854
551 265 725 346 Diptypbon.
1145 270 1208 339 305
1276 253 1279 258 Δ

151 426 299 495 Venditus
317 432 461 514 exequias
479 433 586 518 recipit
603 435 768 499 tumulosus
787 435 959 500 humandas.

152 511 315 598 Sanguinis
335 516 390 579 boc
407 519 533 600 pretium
551 531 599 582 est
616 516 740 583 Christi.
758 519 832 582 luda
849 521 966 585 eminus
983 533 1063 586 artat
1158 543 1206 594 155

152 598 264 664 Infelix
281 601 389 665 collum
407 602 513 685 laqueo
533 625 587 686 pro
605 605 729 669 crimine
747 615 843 668 tento.

193 683 263 748 XL.
288 684 374 768 lupia
391 687 554 772 blasphemi
572 690 679 753 cecidit
696 691 801 753 domus
818 710 889 753 ecce
908 687 1055 775 Caiphae,

151 767 186 832 ln
205 791 263 852 que
280 771 397 855 pulsata
415 783 463 835 est
480 773 574 857 alapis
594 775 686 838 iacies
704 794 792 837 sacra
810 772 939 839 Christi:

151 852 210 916 Hic
227 866 400 938 peccatores
418 859 654 937 monotaimus,
674 859 781 923 obruta
799 881 925 943 quorum

153 937 222 1003 Vita
242 941 373 1005 ruinosis
391 943 512 1006 tumulis
530 944 596 1007 siue
614 944 672 1007 line
690 945 808 1007 iacebit.
1158 965 1208 1018 166

193 1022 281 1087 XLl.
294 1024 422 1090 Vinctus
431 1027 462 1091 in
474 1028 519 1091 his
529 1026 676 1092 Dominus
686 1029 770 1093 stetit
779 1030 902 1093 aedibus
912 1039 1001 1113 atque
1011 1031 1186 1118 columpnae

152 1108 301 1173 Aduersus
319 1122 436 1195 tergum
456 1113 550 1187 dedit,
571 1124 604 1175 ut
621 1115 731 1177 servile
754 1114 890 1198 flagellis.

152 1191 274 1257 Perstat
291 1196 386 1259 adhuc
406 1198 602 1280 templumque
621 1199 700 1281 gerit
716 1199 888 1262 veneranda
908 1198 1063 1285 columpna

152 1276 217 1340 Nos
239 1301 276 1342 ue
294 1281 381 1343 docet
398 1282 511 1345 cunctis
530 1282 667 1347 inmunes
685 1283 789 1347 vivere
808 1282 920 1366 flagris.

185 1301 453 1429 Xhll.Traieetns
464 1388 516 1450 per
524 1368 781 1451 utrumquelatus‚
789 1367 907 1431 laticem
918 1379 1149 1451 atquecruorem
1161 1385 1209 1440 tos

154 1444 293 1512 Christus
312 1451 388 1534 agit:
407 1453 532 1534 sanguis
549 1453 694 1528 victoria,
714 1452 832 1537 lympha
851 1453 1003 1516 lavacrum
1022 1465 1079 1517 est.

152 1530 240 1596 Tunc
258 1535 315 1596 duo
334 1535 506 1599 discordant
523 1536 660 1599 crucibus
678 1537 747 1599 hinc
765 1537 834 1598 inde
852 1537 986 1600 latrones

156 1614 331 1701 Contiguis:
352 1631 441 1702 negat
461 1620 511 1682 ille
531 1619 640 1698 Deum,
661 1622 721 1683 lert
738 1620 794 1684 iste
813 1641 965 1684 coronam.

195 1700 316 1766 XLlll.
334 1701 450 1766 Montis
468 1703 599 1768 oliviferi
618 1702 758 1769 Christus
777 1706 812 1768 de
829 1704 944 1769 vertice
962 1725 1081 1769 sursum

153 1786 202 1850 At
219 1787 340 1851 Patrem
359 1789 449 1853 rediit
465 1790 590 1872 signans
607 1790 737 1873 vestigia
755 1790 853 1874 panis:
1162 1808 1211 1862 176

155 1869 324 1936 Fraudibus
341 1875 473 1937 aeternis
492 1875 684 1958 praepinguis
702 1874 827 1957 liquitur
845 1873 966 1951 humor,

155 1955 215 2040 Qui
252 1957 339 2020 robat
355 1959 487 2021 inlusum
505 1960 596 2022 terris
615 1961 651 2023 de
669 1959 830 2022 chrismate
848 1960 968 2022 donum.

195 1979 311 2106 XblV.
329 2040 448 2106 Primus
466 2043 523 2106 init
537 2040 705 2127 Stephanus
719 2044 886 2107 mercedem
901 2044 1058 2127 sanguinis
1072 2044 1160 2107 imbri

156 2126 303 2190 Adflictas
321 2127 468 2212 lapidum:
488 2125 641 2192 Christum
659 2138 760 2192 tamen
778 2128 828 2191 ille
847 2139 989 2192 cruentus

155 2209 239 2275 luter
255 2231 332 2274 saxa
350 2223 454 2296 rogat,
475 2232 513 2275 ue
531 2212 571 2276 sit
587 2212 728 2296 lapidatio
747 2212 845 2276 fraudi
1163 2231 1212 2283 175

154 2295 314 2359 Hostibus:
333 2318 351 2358 o
370 2297 482 2380 primae
501 2298 596 2382 pietas
614 2297 750 2360 miranda
769 2300 915 2360 coronae!

196 2379 300 2444 XLV.
319 2380 414 2444 Porta
430 2393 533 2445 manet
550 2383 665 2466 templi,
686 2379 859 2465 Speciosam
877 2401 965 2464 quam
979 2383 1160 2457 vocitarunt,

155 2463 321 2549 Egregium
340 2464 510 2529 Solomonis
529 2487 616 2550 opus:
635 2467 687 2529 sed
706 2467 802 2529 maius
819 2466 851 2528 in
870 2467 921 2529 illa

157 2547 272 2614 Christi
289 2571 364 2633 opus
381 2550 518 2630 emicuit,
539 2572 608 2613 nam
625 2551 748 2615 claudus
766 2570 893 2634 surgere
910 2551 1011 2614 iussus

156 2633 220 2698 Ore
236 2632 321 2698 Petri
339 2635 452 2719 stupuit
468 2636 588 2699 laxatos
607 2656 731 2700 currere
749 2657 884 2718 gressus.
1164 2652 1214 2705 180

197 2716 315 2782 XLVI.
334 2717 491 2803 Sompniat
503 2720 651 2803 inlapsum
664 2718 773 2782 Petrus
787 2720 847 2782 alto
863 2741 903 2782 ex
917 2719 1038 2783 aethere
1058 2721 1171 2784 discum

157 2800 332 2867 Confertum
352 2804 520 2886 omnigenis
539 2803 730 2865 animalibus:
749 2803 799 2866 ille
817 2814 938 2866 recusat

127 2936 129 2945 .
155 2886 318 2965 Maniam,
339 2889 391 2950 sed
410 2886 557 2951 Dominus
574 2887 658 2950 iubet
674 2887 774 2950 omnia
792 2888 902 2951 munde
921 2897 1034 2971 putere.

157 2971 263 3052 Surgit
280 2984 311 3035 et
328 2972 486 3036 inmundas
505 2983 593 3037 vocat
611 2973 647 3036 ad
667 2972 810 3058 mysteria
829 2981 945 3056 gentes.

107 3125 167 3177 155.
175 3125 257 3177 iudae
265 3125 503 3191 munuc...laqneus
508 3123 576 3188 atu,
587 3125 650 3176 Inde
659 3125 805 3186 minucbll,
815 3123 882 3175 ludu
890 3120 1215 3190 61661661666661).1616Ι

70 3208 349 3277 inducemdonyssytt,
359 3209 441 3261 16666
449 3224 543 3261 nimius
551 3209 730 3260 bonificius:
741 3208 851 3274 1666666
859 3206 931 3271 don„
942 3207 1216 3274 1666666....166666

72 3300 122 3347 cet.
132 3319 166 3332 -
180 3294 239 3346 157.
250 3294 306 3344 atta
315 3294 407 3361 Caipb.
417 3293 497 3345 Kblm
507 3295 582 3358 Prag.
593 3293 686 3348 Weitz.
697 3292 744 3344 Ar.
758 3322 793 3332 -
805 3292 865 3345 161.
880 3291 1019 3358 columpna
1028 3293 1062 3354 a,
1072 3291 1216 3358 columpnis

71 3361 280 3415 bdimWeltz.-
288 3361 348 3417 162.
359 3361 491 3413 Moenum
500 3362 534 3412 im
541 3362 633 3417 Weitz.
642 3391 671 3400 -
683 3361 743 3414 164.
753 3362 901 3411 innumeros
909 3358 996 3410 ΔΕ-
1007 3359 1215 3412 thummim.

72 3429 258 3482 666661.-
270 3430 332 3481 Post
340 3444 364 3481 v.
376 3431 436 3482 168.
446 3430 564 3482 inserunt
573 3429 634 3482 edd.
643 3442 710 3481 racc.
721 3427 769 3480 boo
779 3427 956 3480 tetrastichom
972 3426 1167 3479 virtutemnon
1176 3433 1217 3479 te-

71 3501 132 3548 mtit
142 3512 252 3560 cmm,
261 3513 314 3548 non
325 3497 444 3549 claustro
456 3499 587 3564 sepulcri:
600 3497 672 3549 Mors
680 3497 723 3548 illi
736 3497 839 3548 6661616
852 3499 931 3559 iacet,
947 3496 1063 3547 cubavit
1079 3497 1216 3562 abyssum:

71 3565 230 3617 6666666666
234 3566 349 3632 populns
356 3581 466 3632 cuperus
473 3567 553 3617 616661
560 3569 611 3616 ivit
618 3567 655 3617 ad
662 3582 732 3627 orae,
747 3565 832 3631 Seque
841 3565 915 3616 dedit
922 3564 1012 3615 66661166
1021 3569 1146 3629 tactuque
1156 3579 1217 3615 6666-

73 3633 337 3700 lisqueprobandnm,
349 3633 420 3699 qnod
430 3648 482 3684 om.
494 3633 564 3695 cdd„
575 3632 720 3684 Aleorn.
731 3638 757 3684 et
765 3631 915 3698 Luneburg.
927 3631 1033 3698 (1618).
1052 3633 1131 3683 116616
1142 3633 1217 3683 omit-

73 3703 148 3762 titur,
159 3700 230 3767 quod
239 3701 320 3753 Prud.
331 3708 558 3752 norotestemento
567 3701 643 3752 etiam
652 3701 738 3752 XXIV
745 3701 892 3752 tetrasticha
902 3701 1054 3765 adsignasse
1063 3699 1176 3761 videtur,
1192 3707 1217 3750 et

73 3769 146 3836 quod
154 3770 302 3836 sepulcrum
313 3769 406 3822 Christi
416 3777 442 3821 et
450 3770 626 3820 monumentis
635 3775 662 3820 et
670 3767 828 3820 carminibus
838 3783 894 3820 raro
903 3783 917 3819 a
927 3774 985 3819 vett.
997 3767 1091 3818 Christ.
1102 3765 1218 3818 celebra-

72 3844 190 3901 tamesi,
202 3837 236 3889 61.
246 3836 322 3890 brev.
332 3866 367 3880 -
377 3839 435 3892 166.
446 3837 632 3888 6666161111-
641 3836 701 3890 173.
712 3839 795 3888 imbre
804 3838 898 3892 Weitz.
909 3835 990 3887 elii-
1000 3835 1219 3887 1766616666666

73 3921 153 3983 bimi<
162 3921 230 3974 sich.
243 3923 331 3977 Waltz.
346 3951 380 3961 -
393 3922 452 3976 177.
463 3921 582 3974 nomon
594 3953 628 3964 -
643 3916 1097 3986 186.16661.11661.ΑΙ(1,(116116,
1110 3919 1219 3971 1666166

72 4006 131 4070 ΔΕ,
145 4007 233 4059 tonat.
248 4007 316 4060 coni.
325 4007 431 4069 Heius,
446 4007 509 4060 Geli.
519 4007 600 4072 Teol.¹
616 4006 771 4075 dampnatos
784 4003 947 4072 KTbiqmutt
958 4002 1048 4057 Weitz.
1059 4003 1152 4057 Heius.
1168 4005 1217 4068 [Η.

74 4092 193 4155 6411]-
204 4091 263 4146 182.
273 4091 397 4160 Confecta
405 4092 431 4144 Α
442 4119 471 4129 -

109 4219 254 4282 15⁷...ton
273 4228 374 4279 bomne
391 4224 516 4290 Caiphae:
534 4227 625 4279 Moab.
663 4223 807 4278 169...112.
818 4223 896 4275 Mons
906 4220 1082 4275 Olivetizss.
1092 4220 1152 4275 Ab.
1162 4225 1220 4274 1.-

73 4297 172 4351 XXVI.
192 4321 227 4333 ·-·
244 4294 406 4349 161...164.
423 4293 578 4360 Colampna,
597 4293 630 4345 ad
665 4289 1217 4356 17166116.Ρ6661681666661;Ι.Ι.111.111.

74 4378 155 4430 quem
173 4363 291 4421 Christus
312 4361 456 4428 flagellatus
473 4367 525 4413 cst:
548 4364 630 4416 Marc.
664 4359 853 4412 -177...186.
864 4357 1221 4424 166666661666616.111.-

74 4433 134 4488 XV.
152 4461 187 4476 -·
206 4431 366 4487 166...168.
383 4429 473 4483 Passio
483 4426 584 4484 Christi.
595 4459 628 4471 -
664 4428 726 4483 181.
736 4428 823 4481 ..itt
835 4427 989 4496 sompnium
999 4427 1080 4479 Petri:
1092 4425 1129 4479 ib.
1140 4427 1175 4479 X.
1186 4455 1220 4467 -

143 4516 505 4572 66666666666666.
966 4496 1009 4563 26
