2744 4852
564 270 635 332 Aur.
654 268 911 333 Prudentiifllem.

342 443 432 503 Deum
452 460 515 501 esse
535 439 670 514 eredens,
689 458 771 520 quem
790 440 898 498 fatetnr'
914 438 1094 518 pessimum.'

343 529 414 587 Cain
433 538 582 598 emeatus,
598 528 717 585 unitatis
733 523 859 596 invidus,

342 611 441 672 Mundi
459 611 592 683 colonus,
610 611 765 669 inmolator
782 608 940 687 squalidus,

344 698 431 755 Cuius
449 697 564 754 litamen
581 694 681 756 sordet
698 705 729 753 et
745 705 851 753 terram
869 694 957 770 sepit,

342 783 460 840 Terram
479 780 581 840 caduci
599 783 744 858 eorporis,
762 798 862 837 venam
881 788 1005 856 putrem,

345 865 470 925 llumore
490 865 578 924 denso
591 864 800 942 'conglobatam
818 874 850 921 et
865 863 997 940 pulvere:

343 951 455 1009 Natura
474 951 553 1009 unius
570 949 671 1009 frande
689 951 774 1007 floret
791 948 894 1018 fertili,

344 1034 478 1094 Fecunda
495 1034 617 1094 fundens
634 1035 784 1093 noxiorum
803 1033 935 1101 erimina,
1008 1046 1011 1053 ·

344 1119 521 1198 Animaeqne
539 1121 625 1177 vitam
643 1119 708 1177 labe
727 1119 822 1177 earnis
839 1127 952 1175 enecat.

345 1204 422 1261 Caro
441 1205 470 1261 in
488 1221 617 1261 sororem
635 1203 694 1260 tela
712 1213 834 1261 mentem
853 1200 964 1278 dirigit,

345 1288 428 1346 Mens
446 1289 476 1344 in
495 1287 617 1346 cerelnro
635 1287 790 1345 ventilatur
805 1286 902 1356 ebrio,

346 1372 391 1430 Ex
409 1392 464 1449 qno
482 1373 596 1429 furores
613 1372 777 1430 suculentos
796 1371 917 1448 conligit
952 1396 955 1401 ·

346 1454 465 1515 Madens
482 1472 594 1514 veneno
612 1457 744 1533 eorporis
761 1455 946 1534 lymphatico.

348 1541 439 1599 Deum
457 1559 613 1619 perennem
631 1539 713 1599 findit
730 1541 760 1598 in
778 1538 849 1598 duos
868 1539 952 1610 deos,

347 1624 444 1684 Audet
462 1644 563 1684 secare
581 1643 683 1683 numen
702 1624 873 1684 insecabile:
895 1652 898 1657 ·

349 1708 435 1768 Cadit
452 1720 600 1788 perempta
617 1708 769 1786 denegans
781 1729 864 1767 unum
882 1706 988 1779 Deum,

350 1793 422 1852 (lain
440 1794 595 1872 triumphat
612 1802 704 1853 mo'rte
721 1794 819 1852 fratris
837 1793 933 1852 alitus.

645 1973 854 1983 uun-mn·—

396 1996 403 2029 l

350 2077 419 2160 Quo
437 2089 467 2141 te
485 2077 661 2163 praecipitat
678 2078 778 2161 rabies
796 2090 863 2154 tna,
883 2070 998 2163 perfide
1010 2052 1105 2157 llain,

264 2160 390 2225 Divisor
407 2161 577 2244 blaspheme
594 2160 674 2225 Dei?
691 2162 746 2225 tibi
764 2164 901 2226 eonditor
918 2183 995 2225 unus

264 2244 337 2315 Non
354 2244 447 2327 liquet
465 2256 496 2308 et
512 2245 618 2308 hilidae
637 2246 769 2393 caligant
787 2244 888 2310 nubila
905 2246 990 2309 lueis.
1050 2317 1053 2322 ⁸
1096 2326 1106 2345 ι
1126 2283 1140 2327 ·‚

265 2329 423 2395 lnsineera
441 2329 521 2394 acies
540 2331 596 2392 dno
615 2351 668 2413 per
704 2331 814 2395 ivortia
832 2351 950 2415 semper

145 2430 152 2451 ¹
199 2434 213 2483 5
267 2414 442 2498 Spargitur,
462 2415 494 2477 in
513 2415 640 2498 geminis
658 2416 755 2479 visum
774 2418 919 2480 frustrata
937 2414 1050 2499 figuris.

266 2500 433 2563 Terrarum
450 2500 505 2565 tibi
522 2502 619 2563 forma
638 2501 747 2585 duplex
765 2500 892 2576 obludit,
912 2512 945 2565 nt
963 2518 1074 2564 excors

266 2582 429 2647 Dividuum
445 2605 576 2666 regnare
596 2584 691 2648 Deum
708 2607 800 2669 snper
816 2586 939 2649 aethera
957 2585 1073 2649 eredas.

248 2666 346 2750 ⁸Bina
365 2667 435 2729 boni
453 2677 541 2751 atque
559 2669 629 2745 mali
646 2669 793 2753 glomerat
810 2670 982 2733 discrimina
1000 2668 1127 2733 sordens

268 2752 327 2815 Hie
345 2753 488 2829 mundus,
508 2750 639 2816 Domino
657 2756 709 2817 sed
728 2755 842 2818 eaelum
860 2755 1044 2838 obtemperat
1061 2754 1123 2817 uni.
1170 2816 1175 2823 ,

185 2857 216 2910 10
267 2836 339 2901 Non
357 2837 469 2902 ideireo
488 2838 561 2901 dnos
579 2839 712 2902 retinent
729 2839 871 2903 caelestia
888 2860 993 2921 reges,
1019 2836 1032 2841 ”

270 2922 357 3004 Quod
376 2923 433 2984 duo
451 2933 522 2985 sunt
540 2942 630 3006 opera
648 2922 792 2986 humanas
810 2924 958 3006 agitantia
975 2932 1077 2987 ouras.

269 3005 418 3068 Exterior
435 3015 573 3068 terrenus
592 3005 679 3069 homo
697 3017 759 3085 est,
780 3006 831 3089 qni
849 3007 921 3070 talia
939 3027 1066 3071 cernens

270 3088 391 3154 Conieit
408 3109 475 3152 esse
494 3090 551 3153 duo
569 3091 722 3154 variarum
740 3086 863 3155 numida
879 3113 997 3170 rerum,
1133 3159 1136 3163 ,

269 3174 349 3238 llum
368 3185 452 3258 putat
469 3195 536 3238 esse
554 3173 668 3256 Deum,
689 3176 739 3261 qui
756 3197 850 3261 prava
867 3176 1018 3240 effinxerit
1035 3174 1120 3253 olim,

187 3276 218 3327 15
270 3258 312 3321 Et
329 3261 380 3341 qui
398 3270 478 3322 tecta
494 3259 596 3324 itidem
614 3262 745 3326 condens
762 3261 929 3325 induxerit:
948 3259 1051 3327 ambos

270 3342 417 3404 Antnmat
434 3363 501 3404 esse
519 3345 591 3406 deos
609 3355 717 3408 natura
735 3347 853 3430 dispare
871 3366 1012 3409 summos.

272 3425 358 3507 Quae
375 3426 494 3487 tandem
513 3437 618 3489 natura
638 3439 737 3511 potest
753 3430 919 3493 consistere
937 3431 1047 3515 duplex

271 3512 336 3572 Aut
352 3529 482 3592 regnare
501 3510 566 3586 din,
586 3531 673 3593 qnam
691 3514 759 3575 fons
778 3513 890 3577 divisus
908 3516 945 3577 ab
963 3535 1033 3577 aree

273 3591 416 3677 Separat,
437 3594 610 3679 alternaque
628 3597 744 3680 apicum
762 3598 874 3661 ditione
891 3599 1014 3679 residi-tl

187 3699 221 3754 20
273 3679 338 3743 Aut
355 3697 432 3741 unns
450 3676 534 3741 Dens
555 3691 615 3754 est,
636 3703 736 3745 rorum
756 3683 804 3746 oni
821 3704 934 3746 sumnia
952 3693 1101 3768 potestas,

223 3836 265 3888 ut.
275 3834 417 3884 namtarum
427 3832 493 3883 toni.
505 3832 600 3884 Gaueh.
617 3863 646 3873 -
659 3835 707 3916 ,5⁷·
717 3835 790 3887 Meas
802 3837 925 3888 illecebro
933 3837 997 3889 Wm
1006 3834 1066 3889 ard.
1075 3837 1169 3917 Weitz.
1179 3866 1217 3879 —-
1231 3840 1275 3891 58.
1287 3854 1329 3889 ru-

186 3922 1329 4041 r)

188 4037 507 4157 {lliniff'pwbelsijds'm'
518 4039 621 4102 Waltz„
636 4038 727 4090 ollttm
735 4038 794 4104 Aa,
809 4042 883 4092 obiit.
893 4042 939 4094 let
946 4042 1014 4094 Bon.
1027 4044 1099 4095 Torr.
1113 4041 1211 4095 Cnueh.
1227 4044 1329 4104 Heius..

220 4121 251 4153 ι.
315 4141 322 4154 .
354 4121 407 4156 ar.
442 4121 475 4157 ι.

225 4171 351 4222 1...169.
369 4188 421 4223 om.
437 4172 462 4225 Α
478 4202 512 4213 -
534 4173 576 4227 11.
594 4179 667 4237 sum]
683 4176 811 4227 RWeitz.
829 4177 921 4229 Heius.
934 4175 990 4243 Am,
1012 4180 1066 4229 siat
1081 4176 1140 4229 llld.
1155 4178 1212 4230 (tis.
1227 4179 1291 4232 (lull.
1302 4204 1331 4215 -

192 4235 233 4287 tt.
243 4241 363 4288 constare
372 4240 492 4303 biformia
501 4241 569 4294 Sicln.
580 4256 594 4295 e
604 4241 682 4295 deter.
693 4241 753 4294 edd.
763 4269 797 4278 —

226 4350 352 4403 t...865.
373 4360 466 4406 eontra
486 4359 671 4424 Marcionitas,
695 4364 742 4427 qui
792 4362 1029 4431 rd.Prolegom.·-

191 4420 255 4472 duos
267 4420 337 4470 Deos
351 4435 404 4470 esea
413 4425 660 4486 offimoatinserib.
670 4429 740 4492 cdd,
