2744 4852
32 222 35 227 ἡ
111 248 154 315 92
242 254 244 259 ’
419 270 426 283 ’
493 248 564 309 Aur.
584 248 732 311 Prudentii
749 248 837 309 Clam.

197 415 264 498 lpse
282 416 386 490 etiam,
407 427 470 478 toto
487 416 578 499 pollet
594 416 645 498 qui
662 418 788 499 corpore
805 425 920 493 tectus,

196 500 359 583 Palpamen
376 512 512 564 tenerum
529 501 646 564 blandis
664 521 706 564 ex
723 501 833 564 fotibus
850 502 953 562 ambit.

197 584 279 648 Proh
298 587 383 648 dolor
399 587 547 668 ingenuas
566 596 691 649 naturae
709 585 885 649 occumbere
900 586 1002 668 leges,

198 666 399 753 Captivasque
417 671 498 733 trabi
514 681 662 752 regnante
679 670 801 733 libidine
818 671 920 732 dotes!

113 771 162 823 305
196 753 378 825 Perversum
395 755 443 818 ius
461 776 549 818 omne
566 755 665 837 viget,
685 756 766 828 dun,
786 755 926 837 quidquid
944 753 1120 817 babendum.

198 840 395 922 Omnipotens
412 840 550 913 dederat,
569 840 667 902 studia
684 840 715 901 in
734 841 887 902 conuaria
905 849 1037 901 vertunt.

196 923 376 998 ldcircone‚·
387 945 480 1008 rogo,
497 924 683 1007 speculatrix
700 924 808 1008 pupula
826 923 907 986 molli

197 1007 321 1073 Subdita
340 1010 497 1093 palpebrae
515 1020 577 1087 est,
596 1020 630 1072 nt
645 1011 744 1092 turpia
761 1009 970 1072 semivirorum

197 1092 335 1157 Membra
353 1094 493 1157 theatrali
511 1103 625 1176 spectet
641 1093 791 1176 vertigine
810 1094 902 1171 ferri,

114 1195 163 1246 310
198 1176 354 1241 incestans
373 1178 500 1241 miseros
518 1179 604 1240 foedo
623 1177 818 1242 oblectamine
834 1180 938 1241 visus?

197 1262 261 1325 Aut
277 1262 343 1325 ideo
362 1263 481 1344 spirant
493 1262 648 1344 mediaque
666 1283 706 1324 ex
725 1283 795 1326 arce
812 1263 931 1327 cerebri
973 1322 977 1327 .

197 1345 367 1410 Demittunt
380 1348 518 1428 >geminas
536 1348 650 1409 sociata
669 1348 817 1410 foramina
836 1368 940 1420 nares,

197 1429 239 1496 Ut
255 1432 337 1493 bibat
354 1431 520 1495 inlecebras
538 1431 615 1495 male
633 1432 792 1494 conciliata
809 1433 963 1515 voluptas,
1070 1502 1073 1507 ,

198 1516 282 1599 Quas
300 1516 483 1599 pigmentato
501 1517 648 1579 meretrix
665 1517 737 1579 iacit
752 1517 879 1600 inproba
897 1517 999 1580 crine?

113 1617 162 1668 315
198 1600 280 1664 Num
297 1611 418 1684 propter
435 1601 549 1687 lyricae
567 1602 764 1664 modulamina
784 1623 863 1665 vana
874 1603 1010 1686 puellae,

197 1684 429 1767 Nervorumque
447 1706 538 1749 sonos
557 1696 588 1749 ct
604 1687 762 1752 convivale
779 1688 905 1750 calentis

199 1766 330 1834 Carmen
349 1770 498 1851 nequitiae
517 1771 633 1854 patulas
650 1769 735 1834 Deus
753 1772 864 1833 addidit
882 1776 991 1836 aures?

197 1853 316 1936 Perque
335 1875 517 1918 cavernosos
535 1855 623 1918 iussit
634 1867 798 1938 penetrare
815 1867 932 1919 meatus

198 1937 292 2002 Vocis
310 1939 387 2002 iteri
405 1939 545 2022 numquid
562 1941 680 2004 madido
697 1961 787 2024 sapor
803 1941 915 2004 inditus
934 1943 980 2004 ori

114 2043 164 2095 att
198 2022 285 2088 Vivit
302 2024 339 2087 ob
358 2025 435 2087 banc
452 2045 590 2104 causam,
609 2026 756 2088 medicata
774 2036 807 2087 ut
824 2027 938 2089 lercule
956 2028 1071 2110 pigram

200 2107 372 2192 Inglnviem
387 2119 584 2190 vegetamque
603 2111 703 2190 gulam
722 2111 867 2192 ganeonis
884 2111 1039 2174 inescent?
1143 2152 1160 2167 -.

197 2191 259 2255 Per
275 2193 376 2256 varios
396 2202 502 2275 gustus
518 2193 666 2256 instructa
683 2203 717 2255 ut
734 2194 857 2276 prandia
875 2196 964 2257 ducat

196 2276 234 2339 Iu
252 2289 368 2339 noctem
387 2278 538 2359 lassetque
555 2298 679 2360 gravem
697 2298 754 2340 sun
771 2278 892 2360 crapula
908 2283 1064 2342 ventrem?

198 2361 277 2444 Quid
296 2363 416 2436 durum,
436 2362 506 2445 quid
524 2362 613 2425 molle
629 2363 725 2441 foret,¹
742 2362 811 2446 quid
829 2364 911 2441 lene,
932 2364 1000 2446 qnid
1020 2365 1160 2440 horrens,

114 2465 162 2521 325
199 2447 278 2531 Quid
296 2448 422 2510 calidum
441 2447 623 2530 gelidumve,
643 2445 729 2512 Dens
747 2469 931 2532 cognoscere
949 2460 1067 2513 nosmet

198 2535 326 2595 Attactu
343 2533 439 2595 voluit
455 2533 592 2616 palpandi
611 2533 776 2616 interprete
793 2554 898 2595 sensu:

197 2619 242 2680 At
259 2637 314 2678 nos
333 2617 456 2679 delicias
473 2618 639 2701 plumarum
657 2629 688 2680 et
704 2618 785 2680 linea
803 2628 890 2680 texta

198 2698 367 2766 Sternimus
386 2711 475 2783 atque
493 2712 589 2764 cunm
610 2703 706 2764 lulcro
723 2712 898 2766 attenuante
916 2704 1053 2788 polimus.

197 2785 287 2849 Felix
305 2787 356 2868 qni
372 2785 496 2850 indultis
514 2786 610 2870 potnit
627 2787 818 2852 mediocriter
835 2787 878 2851 nti

113 2889 162 2940 330
197 2870 375 2934 Muneribus
393 2892 573 2954 parcumque
589 2874 708 2935 modum
725 2880 850 2936 servare
868 2873 1003 2946 fruendi,

198 2957 293 3036 Quem
313 2957 443 3038 locuples
462 2957 565 3019 mundi
582 2957 697 3039 specics
714 2966 745 3019 et
765 2977 892 3020 amoena
908 2968 1051 3023 venustas

197 3038 240 3102 Et
257 3040 358 3102 nitidis
378 3041 485 3102 fallens
504 3041 676 3104 circumflua
694 3041 778 3122 copia
795 3041 886 3105 rebus

196 3123 268 3188 Non
287 3125 366 3208 capit
382 3135 416 3188 ut
432 3146 572 3208 puerum,
592 3146 651 3188 nee
666 3125 767 3210 inepto
785 3127 895 3190 addicit
912 3128 1023 3190 amaria

169 3234 172 3239 ·
199 3210 277 3292 Quid
295 3211 351 3285 sub
368 3210 544 3273 abumbrata
563 3210 717 3275 dulcedine
735 3211 822 3275 triste
839 3233 987 3277 venenum

114 3313 163 3362 335
198 3292 365 3377 Deprendit
381 3295 501 3359 latitare
519 3295 590 3359 boni
607 3296 759 3359 mendacis
777 3308 891 3380 operto.

284 3377 344 3441 Sed
363 3380 420 3441 luit
436 3379 465 3440 id
484 3382 632 3462 quondam
651 3381 737 3444 nobis
755 3393 950 3465 sanctumque
967 3382 1136 3466 bonumque

198 3462 350 3545 Principio
368 3484 485 3541 rerum,
504 3461 644 3528 Christus
663 3487 729 3528 cum
748 3468 891 3531 conderet
908 3467 1024 3530 orbem:
1191 3532 1196 3545 Ι

198 3547 284 3610 Vidit
301 3547 379 3611 enim
398 3547 481 3611 Deus
500 3549 711 3635 essebonum,
731 3552 814 3614 velut
830 3552 894 3636 ipse
911 3550 1036 3638 Moyses
1114 3610 1118 3615 .

198 3632 370 3715 llistorious
388 3633 490 3703 mundi
507 3635 659 3719 nascentis
678 3635 867 3717 testificatur,
885 3714 888 3721 Ι

146 3807 206 3860 332.
217 3804 335 3857 cWeitz.
346 3809 373 3856 et
381 3806 442 3857 Wm
451 3830 485 3843 ···
498 3805 556 3861 312.
565 3806 672 3858 niman.
682 3807 717 3862 W
725 3807 802 3872 Prag.
811 3805 874 3858 Ald.
886 3805 1129 3870 -314.Qaa'aa-·
1143 3806 1206 3858 321.
1216 3823 1263 3858 ee-

112 3878 182 3939 gen]
193 3874 312 3926 ORTacu
321 3875 380 3924 Put.
391 3875 465 3925 Torr.
473 3872 537 3926 ttd.
547 3874 603 3925 Gis.
613 3875 718 3936 Helua„
731 3878 868 3940 vetitumq.
879 3875 978 3929 Weiss.
989 3882 1072 3926 etcet.
1090 3900 1124 3913 -
1141 3874 1204 3926 323.
1220 3876 1263 3927 la·

112 3942 219 4006 catali
240 3969 268 3979 -
288 3942 345 3994 324.
364 3942 419 3992 lece
431 3944 518 4007 Prag„
534 3943 606 3992 laeve
620 3941 658 4009 (l)
672 3943 740 3994 coni.
754 3943 802 3995 Δι’.
820 3970 856 3983 ·-
872 3943 933 3994 326.
949 3943 995 3993 Ad
1007 3948 1107 3994 tactum
1119 3942 1214 3995 BAld.
1224 3972 1263 3985 -

113 4009 173 4062 321.
180 4010 263 4075 palm.
273 4010 294 4060 B
305 4009 376 4062 Sicb.
385 4037 419 4049 -
431 4010 491 4061 323.
503 4010 605 4061 induet.
615 4013 655 4062 au
666 4038 697 4055 -ε
709 4011 770 4062 333.
780 4024 870 4061 amore
878 4011 900 4061 Τ
909 4011 1003 4063 weiu.
1011 4041 1046 4052 -
1058 4010 1261 4073 3312313...

112 4078 160 4126 snb
169 4090 198 4126 a:
209 4078 326 4128 cbatmbr.
336 4079 421 4140 Erro,
433 4078 552 4129 adumar.
563 4086 611 4130 cet.
621 4107 655 4118 -
665 4079 725 4130 335.
736 4083 829 4146 operiat
838 4080 913 4145 berg.
922 4077 941 4130 1.
952 4079 971 4130 1.
981 4108 1014 4120 -
1029 4080 1090 4131 339.
1101 4081 1262 4145 letificatus

113 4142 666 4212 alteias.[edd.l]tcctq'ficatoeWeiss.-
1050 4188 1056 4197 .

145 4278 206 4334 327.
216 4279 276 4346 tec]
287 4279 384 4344 „Quod
393 4283 437 4332 Pr.
445 4283 492 4334 lin.
498 4289 518 4334 t.
530 4283 558 4334 in
568 4282 668 4336 deliciis
701 4281 758 4335 All.
767 4282 1115 4348 Malandbdttigensnbin.
1126 4283 1262 4350 [1137.-

113 4354 237 4410 numeret,
258 4350 341 4414 arguit
358 4348 404 4399 lini
421 4364 500 4404 usum
518 4351 587 4417 apud
603 4359 664 4406 vett.
700 4353 855 4420 Darnsqq.
868 4353 961 4405 Genea.
972 4355 990 4403 l.
1057 4396 1061 4401 .

111 4415 668 4472 Romanosnonluissevnldecommunem.“
