2744 4852
523 268 595 330 Aur.
616 267 764 330 Prudentii
782 269 873 331 etam

332 440 400 501 Cum
420 440 470 498 sub
489 440 639 498 sacricolis
657 439 759 498 territa
776 436 893 515 regibus

329 524 387 583 Vix
405 545 493 601 panso
511 534 626 603 poterat
642 541 763 584 currere
779 522 917 592 carbaso,

330 609 516 687 Aiilictosque
534 628 600 667 euos
618 607 730 667 turbine
747 608 838 666 seculi

331 690 471 753 Vectarat
487 691 593 771 rapidis
611 692 742 751 fluetibus
759 692 907 752 innatans:

330 778 455 837 Marsum
474 768 634 838 vulniiicum
652 776 700 836 lex
716 779 763 859 pia
780 777 907 855 pertulit.

331 862 501 922 Occultabat
515 863 592 921 enim
609 880 642 921 se
660 863 738 941 prius
755 860 880 921 abditum

329 946 429 1019 Virus,
448 966 502 1006 uec
519 944 667 1024 gravidum
685 946 845 1026 protulerat
862 956 957 1023 eaput,

331 1032 501 1091 Contentum
518 1032 674 1091 involucris
691 1041 775 1109 atque
794 1031 933 1090 eubilibus
1029 1088 1032 1095 ,

331 1116 437 1175 Subtcr
454 1118 634 1194 conprimere
652 1116 749 1175 clausa
765 1116 888 1176 silentia.
925 1147 928 1152 ·

329 1199 388 1259 Sed
407 1198 470 1258 dum
489 1201 565 1258 forte
584 1201 675 1258 latens
693 1201 814 1278 inpietas
830 1202 919 1276 riget,

329 1285 464 1344 Dextram
483 1278 608 1343 iustitiae
626 1285 709 1363 pigra
726 1283 919 1349 momorderat

330 1368 468 1428 Succensi
484 1370 633 1429 stomacho
651 1369 727 1429 fellis
743 1360 916 1429 inaestuans.

330 1454 392 1512 ileu
411 1474 491 1533 quam
511 1454 681 1513 catholicam
699 1453 738 1511 nil
756 1472 846 1532 prope
866 1455 972 1532 profuit

328 1537 446 1617 Puppim
463 1550 546 1597 nasse
563 1540 641 1598 sacri
658 1539 780 1613 remigio
798 1539 871 1608 stili,

329 1623 417 1695 Quem
437 1622 539 1682 Paulus
556 1624 642 1682 variis
660 1623 792 1700 gentibus
811 1622 913 1682 edidit!

328 1708 386 1765 Vix
404 1719 487 1786 portu
505 1707 619 1785 placido
638 1717 698 1766 tuta
716 1708 864 1790 quieverat

328 1792 442 1851 Victrix
460 1791 591 1853 edomitis
609 1792 685 1851 mille
703 1793 861 1851 furoribusa

328 1876 386 1935 Vix
404 1876 541 1937 adstricta
558 1879 616 1936 suis
632 1878 688 1935 iun
706 1877 872 1937 retinaculis

328 1962 472 2021 Vectores
490 1963 587 2021 stabili·
602 1959 772 2031 condiderat
789 1963 867 2034 eolo,

327 2047 457 2124 Erumpit
473 2048 568 2107 subito
586 2049 668 2106 triste
685 2048 853 2125 periculum.

329 2129 403 2188 Nam
422 2129 486 2189 dnm
504 2129 685 2208 praecalidos
703 2131 845 2207 igniculos
862 2132 917 2190 sibi

327 2213 479 2272 Solvendis
497 2213 613 2275 adolent
631 2224 661 2272 et
678 2214 760 2273 senio
777 2225 809 2273 et
826 2215 907 2290 gelo,

326 2299 398 2358 Dum
416 2299 512 2376 virgas
529 2298 642 2357 steriles
658 2308 743 2376 atque
755 2300 918 2376 -superiiuas

327 2383 458 2455 Flammis
476 2382 512 2442 de
531 2381 598 2445 fidei
616 2382 731 2461 palmite
750 2394 947 2454 concremant,

327 2466 365 2527 Ut
384 2478 521 2528 concreta
537 2469 618 2546 vagis
637 2468 721 2527 vinea
736 2468 862 2527 crinibus

328 2551 433 2611 Silvosi
451 2553 583 2611 inluviem
601 2563 723 2630 poneret
738 2551 824 2623 idoli,

327 2636 456 2713 Palpavit
473 2638 573 2695 nimius
591 2637 748 2714 perniciem
766 2647 860 2714 tepor.

328 2720 401 2798 Seps
420 2721 528 2779 insueta
547 2721 623 2779 subit
640 2740 759 2799 serpere
774 2721 897 2781 flexibus

327 2805 364 2863 Et
382 2805 495 2865 vibrare
512 2822 602 2883 sagax
620 2806 727 2884 eloquii
745 2817 845 2884 ceput:
1039 2878 1042 2883 .

328 2888 387 2948 Sed
405 2889 666 2967 dextraiupatiens
683 2891 822 2961 vulneris,
841 2891 942 2949 inritos

328 2974 392 3032 Oris
410 2975 548 3032 rhetorici
567 2972 676 3050 depulit
694 2973 811 3048 halitus,
963 2982 968 2990 “

326 3058 453 3116 Effusum
472 3059 580 3135 ingenii
597 3059 674 3134 virus
691 3059 816 3117 inaniter

327 3141 440 3201 Summa
460 3142 638 3201 Christicolis
656 3144 685 3200 in
704 3152 770 3201 cute
788 3141 923 3201 substitit.

389 3226 524 3286 Salvator
541 3228 657 3304 generis
674 3225 820 3298 Romulei,
838 3246 958 3305 precor,

328 3311 382 3382 Qui
401 3314 510 3370 eunctis
529 3315 638 3371 veniam
658 3310 708 3371 das
726 3312 923 3390 pereuntibus,

327 3393 380 3466 Qui
399 3395 502 3453 nulium
521 3398 622 3455 statuis
641 3416 697 3453 non
716 3398 812 3474 operis
831 3397 871 3454 tui

327 3477 493 3551 hiemalem,
511 3480 591 3538 facili
609 3498 691 3557 quem
710 3482 821 3541 releves
839 3500 935 3539 manu:

329 3561 431 3634 liuius,
451 3565 474 3621 si
492 3566 567 3642 potis
585 3574 642 3635 est,
662 3566 715 3623 iam
734 3568 928 3636 miserescito,

112 3665 145 3716 35
327 3645 511 3730 Praeruptam
529 3650 558 3709 in
576 3650 688 3709 foveam
705 3650 871 3730 praecipitis
887 3651 953 3711 viri.

126 3788 128 3792 ⁴
147 3768 190 3833 iu.
200 3780 301 3847 cupid]
317 3783 378 3835 Wm
386 3780 528 3837 linti'nbr.
538 3782 597 3833 Gis.
607 3783 710 3848 weita,
727 3781 812 3837 ruhid.
823 3788 882 3844 cet,
898 3781 1013 3849 sedrap.
1024 3780 1155 3846 epitheton
1165 3781 1259 3834 duvio-

82 3856 86 3879 ·
112 3865 170 3901 rum
184 3849 237 3901 iere
250 3856 403 3916 perpetuum
416 3856 469 3911 est,
489 3849 680 3913 vd.1.neret.1,
697 3852 739 3904 15.
758 3850 912 3910 Herodi,
931 3852 972 3913 ta,
990 3850 1015 3901 9.
1033 3848 1147 3912 timii,
1161 3853 1186 3912 t,
1199 3849 1257 3903 141.

112 3919 425 3981 &cantumerulae
437 3919 509 3970 Caes.
519 3918 681 3979 b.civ.1,hii.
691 3918 788 3970 Obbur.
798 3917 830 3970 nd
840 3918 930 3970 Boetb.
939 3918 1071 3984 p.133.-
1083 3919 1259 3985 55.cumprc-
1276 3948 1280 3953 -

111 3991 195 4036 mev'ot
206 3988 236 4048 P,
252 4002 304 4052 quo
313 3991 449 4052 premeret
457 4001 483 4036 m
492 3985 553 4037 Ald.
564 3988 642 4038 Turn.
660 4015 694 4024 -
712 3987 755 4038 59.
770 3988 950 4053 properosuit
957 3986 1018 4045 alt,
1029 4001 1175 4052 properum
1184 3987 1207 4036 P
1227 4013 1256 4024 -

113 4052 156 4103 tu.
166 4052 327 4118 PuppentA:
347 4069 438 4104 ertum
447 4053 519 4115 Gis„
530 4055 634 4104 ituraeae
642 4054 710 4104 euni.
720 4055 813 4105 Heius.
826 4081 855 4092 -
872 4053 1074 4106 haereditaret
1084 4053 1154 4104 euni.
1165 4054 1257 4106 Heius.

111 4148 146 4159 -
155 4117 372 4189 ttumpitttd.
386 4147 422 4158 -
433 4123 476 4175 tu.
485 4121 575 4173 Cuma
588 4150 623 4159 —
636 4121 679 4173 71.
689 4121 751 4172 b'ta
764 4149 797 4161 ·-
811 4119 854 4172 74.
864 4121 939 4189 Seps]
948 4123 980 4186 E,
990 4121 1060 4175 coni.
1069 4121 1155 4173 batim
1165 4123 1259 4174 etSir·

112 4184 212 4246 mund„
222 4185 264 4237 vd.
273 4188 413 4242 minimo.
423 4203 475 4242 var.
485 4188 546 4243 ieet.
556 4202 579 4241 c.
590 4189 744 4254 22.,Weitz.
754 4187 910 4252 Heinsbr„
921 4190 985 4258 Spes
994 4195 1043 4242 cet.
1054 4219 1087 4227 —
1097 4190 1141 4242 74.
1151 4191 1259 4242 tatum

112 4254 457 4310 u-84.mauou.11.·-

145 4354 189 4406 74.
207 4358 277 4420 seps]
288 4352 327 4405 ct
337 4355 401 4408 Ceti.
411 4358 522 4426 Hesych.
534 4375 557 4410 s.
569 4373 591 4410 v.
601 4378 606 4409 ε
618 4362 665 4422 051-
700 4359 764 4419 723:
782 4359 897 4424 Ossaque
910 4360 1050 4412 dissolvens
1068 4374 1128 4410 crem
1147 4375 1259 4426 corporo

112 4441 160 4482 itit
172 4420 226 4482 ζῶα
239 4419 351 4492 ἑρπετὰ,
369 4420 450 4492 ὄφεις,
467 4434 493 4480 ei
504 4429 605 4481 Lutati.
618 4428 664 4492 tx,
703 4428 899 4495 ludificat-saepe.
912 4456 945 4471 -·-
