2744 4852
515 272 588 332 Aur.
606 271 753 334 Prodentii
771 272 860 334 Clem.

327 439 356 504 0
374 440 463 523 uirgo
480 440 571 520 lelix,
591 462 611 504 o
628 462 707 504 nova
726 441 839 524 gloria,

330 522 479 589 Caelestis
496 526 576 589 areis
594 527 703 589 nobilis
720 527 835 606 incola,

330 608 455 673 latendo
473 612 586 673 nostris
605 611 833 674 conluvionibus

329 694 451 757 Vultum
471 697 597 778 gemello
615 719 680 759 oum
700 697 883 774 diademate,

330 776 387 843 Cui
405 801 493 862 posse
511 782 568 843 soli
585 781 795 864 cunctiparens
813 782 893 844 dedit

329 862 452 927 Castum
471 866 520 928 vel
536 866 632 949 ipsum
650 868 776 930 reddere
795 867 951 929 fornicem.

328 947 488 1032 Purgabor
504 954 567 1013 oris
584 951 781 1035 propitiabilis

330 1032 477 1115 Fulgore,
497 1046 633 1098 nostrum
651 1037 678 1098 si
695 1037 780 1099 ieour
796 1035 923 1119 inpleas.

328 1117 381 1181 Nil
400 1141 460 1181 nou
478 1121 614 1204 pudicum
632 1131 694 1199 est,
715 1121 793 1203 quod
810 1121 859 1203 pia
876 1121 977 1185 visere

327 1201 489 1287 Dignaris‚
508 1206 586 1268 almo
604 1206 653 1269 vel
670 1207 744 1289 pedo
762 1216 899 1289 tangere.

248 1594 460 1676 dllRllLll
501 1595 790 1678 PRUDENl'll
833 1593 1128 1678 attentatis

463 1763 911 1837 umYcllon.

601 1926 772 1938 ———

422 2036 562 2088 VETUS
597 2035 951 2091 TESTAMENTUM.

241 2169 265 2233 l.
288 2169 354 2235 Eva
373 2169 510 2233 columba
528 2171 583 2234 luit
603 2181 672 2233 tuno
691 2171 832 2250 candida,
853 2170 942 2254 nigra
961 2170 1068 2234 deinde

198 2254 292 2318 Facta
310 2275 364 2339 per
381 2256 543 2338 anguinum
562 2256 733 2319 malesuada
752 2256 856 2318 lraude
875 2277 1025 2319 vernonum

197 2340 307 2403 Tinxit
324 2351 354 2402 et
371 2341 532 2404 innocuum
550 2341 674 2403 maculis
694 2341 886 2403 sordentibus
902 2340 1018 2403 Adam:

198 2423 261 2487 Dat
278 2426 365 2488 nudis
383 2425 491 2487 ficulna
509 2426 599 2487 druoo
618 2447 690 2487 mox
709 2426 842 2508 tegmina
859 2425 968 2488 vietor.

131 2528 146 2574 5
241 2509 284 2571 ll.
308 2508 450 2572 Fratrum
468 2531 554 2574 saera
574 2509 656 2572 Dens
674 2521 748 2572 nutu
767 2510 897 2573 distante
916 2510 1042 2572 duorum

197 2593 348 2656 Aestimat
366 2594 514 2676 accipiens
533 2595 603 2658 riva
621 2605 652 2656 et
670 2605 791 2657 terrena
810 2596 956 2657 refutans.

197 2677 343 2741 Rusticus
360 2678 474 2741 invidia
492 2688 641 2762 pastorem
660 2679 786 2741 sternit:
806 2678 837 2740 in
856 2679 936 2742 Abel

197 2762 225 2826 F
226 2785 310 2826 orma
328 2763 445 2827 animae
463 2763 659 2846 exprimitur,
680 2784 751 2827 earo
771 2764 924 2826 nostruin
943 2783 1069 2828 munere
1088 2760 1170 2828 Cain.

241 2848 303 2910 Ill.
325 2846 442 2912 Nuntia
461 2849 563 2912 diluvii
581 2849 640 2910 iam
659 2849 860 2912 decrescentis
879 2849 916 2911 ad
934 2869 1037 2911 aream

116 2951 148 3002 10
202 2931 265 2996 Ore
284 2933 419 2995 columba
437 2935 533 2996 refert
550 2954 665 2996 rantum
683 2932 841 2996 viridantis
861 2932 975 2997 olivae:

200 3015 319 3082 Corvus
338 3017 416 3079 euim
435 3017 569 3100 ingluvie
587 3037 641 3101 per
659 3018 746 3080 laeda
765 3019 911 3081 cadavera
932 3027 1036 3101 eaptus

197 3101 362 3166 Haeserat:
383 3103 433 3164 illa
452 3103 539 3165 datae
557 3102 675 3165 revehit
692 3123 772 3165 nova
790 3103 899 3185 gaudia
917 3103 1009 3182 paois.
1268 3072 1272 3161 1

240 3187 298 3251 lV.
323 3186 491 3271 Hospitium
503 3188 559 3249 hoo
569 3186 690 3249 Domini
701 3197 763 3262 est,
783 3187 846 3250 ilex
856 3186 906 3249 ubi
918 3187 1042 3250 frondea
1052 3184 1195 3250 Mambrae
1269 3210 1272 3273 p

196 3273 374 3335 Armentale
392 3273 474 3335 senis
491 3272 625 3356 protexit
643 3272 776 3335 culmen:
795 3272 827 3334 in
845 3273 904 3334 ista

114 3374 145 3425 15
197 3357 280 3418 Risit
297 3355 375 3420 Sara
393 3378 479 3432 casa,
499 3357 611 3419 sobolis
629 3356 687 3418 sibi
706 3357 814 3440 gaudia
832 3376 901 3419 sera

197 3440 287 3504 Ferri
305 3451 335 3503 et
353 3442 533 3524 decrepitum
551 3442 595 3504 sio
615 3442 738 3504 eredere
757 3462 844 3524 posse
863 3440 1012 3504 maritum.

149 3561 209 3613 130.
219 3560 345 3624 Purgato
355 3565 470 3610 rostrum
479 3575 496 3626 p
505 3558 763 3624 att-sequuntur
771 3558 867 3610 librum
876 3559 938 3629 περὶ
947 3556 1082 3620 στεφάνων
1091 3559 1117 3610 in
1127 3547 1237 3610 cannot

113 3631 156 3689 tis,
168 3630 244 3680 etiam
253 3628 279 3679 in
289 3628 346 3688 AR,
358 3631 541 3697 uadanpaaoiv
551 3627 639 3695 hymni
649 3630 695 3678 xl.
707 3634 732 3680 et
740 3629 799 3677 ΧΠ.
810 3657 844 3667 -

146 3697 239 3749 1)ΙΡΤ.
257 3697 354 3763 Incipit
362 3697 514 3762 Diptpedon
527 3705 541 3746 2
553 3712 624 3747 man.
644 3696 712 3763 (sec.
722 3694 809 3761 xvi.)
829 3694 917 3746 edm:
937 3695 989 3744 Isto
999 3689 1239 3768 liborprapriedt'tt·

57 3809 60 3816 .
112 3768 204 3831 atreum
214 3766 313 3816 dieitur
326 3765 361 3831 gl.
373 3765 409 3815 0:
430 3765 594 3816 Tetrasticha
607 3769 659 3815 oet.
671 3769 765 3814 atnoe.
776 3763 844 3814 Test.
856 3764 897 3815 cd.
909 3761 1020 3814 Canem:
1042 3763 1125 3813 Tituli
1136 3763 1240 3837 Medont-

112 3837 201 3899 rumT
211 3834 256 3895 [de
264 3834 351 3884 Adam
361 3833 453 3884 etlt'oa
465 3836 502 3893 m]
514 3846 539 3882 m
548 3851 554 3882 ι
564 3833 624 3883 slm.
636 3833 719 3884 Oxou.
729 3833 763 3882 11.
775 3850 806 3882 a:
818 3832 899 3882 Dicta
908 3832 1029 3882 Aar.Pr.
1040 3832 1126 3895 Prusa
1136 3828 1241 3880 amam·

113 3902 176 3964 dion
188 3904 230 3957 Iso
246 3901 315 3952 Sleh.
330 3903 424 3954 Weitz.
445 3901 484 3952 Cl.
500 3900 601 3965 Proleg.
617 3914 673 3965 cap.
688 3903 710 3950 1.
725 3906 779 3950 not.
794 3901 837 3951 41.
856 3900 1040 3965 Inscripttoues
1056 3896 1241 3949 tetrastichorum

113 3971 189 4021 omisi
200 3984 258 4021 eum
268 3968 404 4034 Altabimq
417 3995 451 4007 -
464 3969 497 4020 V.
509 3970 532 4019 1.
543 3973 599 4018 tum
608 3968 668 4019 edd.
679 3974 738 4018 ante
747 3968 839 4021 Weitz.
853 3995 882 4004 —
892 3969 919 4022 2.
930 3969 1075 4032 agniacum
1084 3966 1161 4018 Cella
1175 3958 1242 4016 malt·

112 4068 192 4113 masa
201 4060 307 4121 npzssytt
319 4080 347 4127 .·‘
358 4056 390 4107 V.
402 4053 495 4108 9...12.
506 4051 677 4109 omit—12.
687 4057 764 4104 ratae
774 4048 1015 4104 eoni.Heins.Adv.
1021 4044 1241 4117 1,a.-1t.pmt·

147 4169 207 4223 127.
219 4187 290 4236 gem.
300 4173 431 4235 attotam]
454 4172 556 4238 Optlme
574 4172 668 4226 Weitz.
735 4171 768 4222 V.
779 4171 854 4222 1...t.
869 4169 1001 4221 heddam
1015 4175 1041 4221 et
1053 4169 1116 4220 Era.
1135 4170 1174 4220 lto
1186 4168 1208 4218 1.
1215 4158 1243 4215 al·

112 4237 187 4301 allato
197 4240 314 4291 Paschat.
331 4242 363 4292 de
377 4256 465 4293 coron.
476 4243 514 4305 Χ,
528 4242 570 4292 10.
589 4242 668 4307 virgi·
701 4238 790 4291 Barth.
799 4239 867 4290 Λᾶν.
878 4239 950 4299 Vlll,
964 4239 1005 4291 12.
1013 4275 1022 4303 ‚
1041 4239 1088 4303 qui
1102 4252 1163 4288 eum
1176 4232 1246 4288 exlu-

112 4305 199 4359 nltatis
218 4313 243 4357 et
261 4309 370 4375 nrartyrii
390 4322 511 4361 eoronam
533 4308 665 4375 lntellogit‚
702 4307 825 4358 daeorum
839 4306 1048 4372 interpretatlouo
1061 4318 1121 4358 esse
1133 4308 1246 4372 putat.-

112 4388 171 4428 enm
190 4375 232 4425 atil
249 4374 331 4441 intpp,
347 4376 408 4428 duee
425 4377 501 4431 verba
519 4378 551 4432 do
565 4377 667 4431 duobus
703 4375 857 4428 ostano
868 4375 975 4428 etCain.
993 4404 1028 4417 -
1044 4375 1140 4427 otae.
1154 4375 1247 4426 Deam

110 4442 424 4513 reguisdietuputent.-
702 4445 766 4498 Noe.
