2744 4852
165 234 227 299 180
574 233 643 292 Aur.
664 232 808 293 Prudentii
828 234 919 294 Clam,

247 400 381 486 siponi
399 399 535 465 manibus
553 399 710 464 Gallorum
728 401 833 464 excisa
850 401 953 465 levare

248 485 295 549 De
313 485 447 549 cinerum
465 485 604 567 squalore
622 495 723 569 eaput,
739 486 884 548 redeunte
903 483 1029 549 Camillo

246 569 342 654 Signa
358 571 507 633 renidenti
526 570 644 633 fumans
661 570 689 632 si
707 571 806 632 fronte
823 570 939 653 recepi,

208 700 218 723 .
245 653 279 718 Si
297 655 378 738 potbi
396 654 523 717 miseras
539 654 630 718 sertis
647 654 787 717 redimire
804 654 908 716 ruinas

161 756 210 813 725
245 738 288 802 llt
305 739 381 801 male
399 740 562 822 pendentes
578 739 665 801 lauro
682 739 877 821 praecingere
895 740 1012 802 turrds=

246 823 314 908 Quo
333 834 362 886 te
380 823 540 907 suscipiam
558 823 688 907 gremio,
709 822 871 886 fortissime
888 823 1042 908 princeps,

247 909 331 991 Quos
350 927 489 993 spargam
507 908 613 983 liores,
631 907 740 990 quibus
757 907 911 970 insertabo
929 909 1052 971 coronis

244 993 348 1066 Atria,
367 1013 443 1075 quae
462 993 547 1055 iestis
565 992 748 1076 suspendam,
760 992 850 1075 pallio
866 993 980 1076 portis,

245 1075 381 1139 Inmunis
398 1076 475 1139 tanti
492 1076 578 1152 belli,
599 1098 634 1139 ao
652 1088 682 1139 te
700 1087 798 1139 stante
815 1075 871 1139 sub
888 1077 980 1138 armis
1135 1144 1138 1151 ,

159 1180 209 1230 730
243 1159 356 1224 Libera
374 1172 404 1223 et
422 1171 584 1225 auretenus
602 1160 726 1223 Geticos
743 1171 869 1244 experta
887 1162 1050 1224 tumultus?
1127 1156 1131 1163 ’

244 1243 362 1308 Soanda
379 1244 585 1329 triumphalem
604 1265 742 1323 currum,
760 1245 921 1329 spoliisque
938 1245 1067 1330 receptis

244 1327 313 1392 Huc
332 1325 454 1392 Christo
472 1328 633 1392 comitante
652 1329 734 1392 veni:
757 1330 824 1392 date
840 1331 962 1394 vincula
978 1332 1095 1394 demam

246 1410 382 1496 Captivis
399 1413 558 1497 gregibus,
577 1413 710 1476 manicas
729 1414 866 1496 deponite
883 1414 974 1497 longo

244 1496 347 1561 Tritos
366 1497 490 1561 servitio
509 1508 635 1561 matrum
653 1498 853 1581 iuvenumque
871 1509 1024 1562 catervae.

159 1601 208 1652 735
244 1580 388 1646 Dediscat
403 1582 520 1646 servire
538 1602 635 1646 senex
650 1582 723 1645 laris
741 1584 815 1646 exul
832 1583 922 1660 aviti,

236 1665 351 1730 'Discat
367 1676 400 1729 et
415 1667 453 1729 ed
470 1666 598 1750 patrium
616 1666 712 1731 limen
724 1667 878 1750 genetrice
895 1687 1020 1731 reversa

243 1749 412 1833 lngcnuum
428 1771 462 1814 se
480 1771 570 1815 nosse
588 1771 672 1834 puer,
693 1751 783 1813 timor
799 1751 896 1813 omnis
914 1751 1035 1814 abestoz

97 1832 104 1837 ’
191 1879 196 1891 ·
242 1834 394 1912 Vicimus,
412 1835 549 1899 exultare
566 1835 649 1898 libet
692 1834 769 1919 Quid
788 1835 848 1898 tale
865 1835 986 1919 repulso

243 1917 414 1983 Poenorum
432 1921 585 2003 quondam
598 1920 672 1983 duce
689 1919 834 2002 configit?
850 1918 901 1983 ille
919 1920 1028 2004 petitae

90 2080 96 2091 ⁴
158 2022 207 2075 740
241 2003 402 2087 Postquain
420 2005 590 2088 perculerat
605 2006 781 2067 tremefacta
799 2006 942 2088 repagula
959 2015 1079 2088 portae,

242 2087 367 2152 Baianis
385 2089 535 2151 resolutus
553 2089 638 2170 aquis
656 2089 815 2151 durissima
832 2090 908 2152 luxu

242 2171 366 2234 Robora
384 2171 519 2235 destituit
535 2173 705 2254 demumque
723 2172 844 2235 libidine
863 2175 962 2256 fregit.

241 2257 286 2319 At
302 2266 405 2319 noster
423 2255 528 2319 Stilico
547 2276 728 2338 congressus
746 2257 901 2319 conminus
917 2260 983 2340 ipsa

241 2339 292 2404 Ex
311 2340 375 2403 acie
394 2342 508 2404 ferrata
523 2339 622 2404 mom
640 2341 712 2403 dare
728 2348 816 2424 terga
834 2342 945 2425 coegit.

156 2443 205 2497 745
241 2424 299 2489 liic
318 2423 458 2489 Christus
475 2425 563 2489 nobis
579 2423 663 2489 Deus
676 2426 777 2488 adluit
793 2436 824 2488 et
841 2446 907 2488 mea
923 2428 1038 2491 virtus:

241 2510 307 2573 Illic
325 2509 485 2588 lascivam,
506 2508 672 2594 Campania
689 2510 813 2589 fertilis,
834 2511 949 2574 bostem

242 2594 374 2657 Deliciae
392 2595 493 2657 vicere
512 2605 596 2656 tuae:
616 2615 677 2656 non
695 2593 827 2678 luppiter
843 2614 943 2658 acrem

170 2710 173 2715 ¹
239 2677 380 2742 Protexit
397 2677 537 2758 Fabium,
557 2678 609 2741 sed
626 2677 705 2742 iuvit
720 2698 846 2742 amoena
862 2678 1030 2760 Tarentus,

240 2764 325 2846 Quae
344 2763 423 2826 dedit
440 2763 599 2827 inlecebris
618 2763 759 2827 domitum
777 2764 895 2828 calcare
913 2776 1085 2851 tyrannum.
1188 2818 1192 2825 .

155 2863 204 2916 750
325 2847 381 2911 llis
400 2869 456 2933 ego
493 2871 528 2912 ro
545 2850 661 2912 meritis
678 2869 755 2933 quae
771 2850 904 2933 praemia
921 2851 1012 2934 digua
1029 2853 1203 2937 rependam,

238 2932 310 2997 Non
328 2932 434 2996 babeo.
474 2870 618 2996 lllcrnbra
635 2934 742 2996 statuis
760 2935 900 3018 effingere
918 2935 977 2998 vile
996 2946 1056 3000 est:
1116 2993 1123 3007 ,

239 3017 389 3103 Virtutem
407 3017 450 3080 nil
467 3018 526 3081 vile
545 3019 640 3081 decet:
661 3038 729 3080 nam
746 3019 822 3095 vile,
843 3021 921 3102 quod
938 3032 1023 3083 aetas

237 3100 352 3187 Eripit:
371 3122 443 3165 aera
461 3104 571 3165 cadunt
587 3113 640 3166 aut
656 3103 770 3166 fulvum
788 3104 889 3166 defluit
906 3124 1028 3179 aarum,

238 3188 303 3250 Aut
320 3188 432 3250 candor
447 3187 526 3285 perit
544 3188 677 3273 argenti,
698 3189 724 3250 si
742 3189 836 3252 deluit
852 3209 941 3268 usus,

152 3282 201 3336 755
236 3268 279 3333 Et
296 3270 411 3334 fuscata
429 3282 489 3334 situ
507 3274 675 3356 conrumpit
692 3293 771 3339 vena
788 3273 931 3337 colorem.

236 3354 317 3419 Viva
334 3354 401 3429 tibi,
420 3355 573 3439 princeps,
592 3357 716 3420 debetur
734 3357 844 3440 gloria,
862 3359 964 3421 vivum

237 3437 367 3502 Virtutis
385 3439 526 3523 pretinm,
548 3442 637 3503 decus
655 3443 814 3515 inmortale
831 3454 946 3506 secuto.

234 3521 395 3606 Regnator
411 3525 511 3586 mundi
531 3522 653 3588 Cbristo
671 3526 825 3590 sociabere
842 3526 874 3589 in
891 3547 1014 3604 aevum,

236 3606 304 3693 Quo
323 3609 446 3671 ductore
464 3630 561 3673 areum
579 3610 675 3673 trabis
692 3612 730 3673 ed
748 3611 889 3674 caelestia
907 3633 1046 3695 regnum.

150 3709 201 3763 neu
319 3690 373 3757 Nil
389 3703 418 3757 tc
437 3705 609 3775 permoveat
626 3695 728 3776 magui
744 3716 807 3758 von
824 3696 970 3775 rhetoris,
989 3718 1061 3773 oro,

235 3776 295 3860 Qui
313 3778 367 3841 sub
385 3779 475 3862 legati
493 3779 592 3863 specie
609 3798 697 3841 sacra
714 3790 831 3842 mortua
849 3782 986 3865 plorans,

233 3861 352 3949 lngeuii
369 3863 437 3927 telis
455 3877 486 3929 et
502 3864 585 3927 fandi
601 3862 717 3929 viribus
735 3865 839 3941 audet,

181 3997 446 4054 ⁷23.roaitentibld.
469 4026 497 4035 -
516 3998 714 4054 itioriseroil
731 4031 765 4040 -
783 3998 843 4054 ⁷25.
858 4000 967 4052 lmeru'f
982 4031 1017 4040 —
1035 3999 1095 4053 730.
1106 4006 1185 4067 oum]
1196 4000 1285 4057 ΔΑΜ.

147 4064 241 4118 Weitz.
251 4074 312 4130 ete„
321 4069 388 4135 Alpe
396 4068 478 4120 ttaw
487 4067 543 4118 Gis.
555 4066 706 4129 [Claud.VI.
717 4080 788 4118 cons.
799 4068 949 4131 Homtdb]
960 4067 1243 4125 tumultum-⁷31.
1251 4088 1287 4124 ra·

110 4134 367 4253 §pbcrtttp'ptleltzffi
375 4134 435 4189 732.
445 4135 508 4186 dato
517 4136 558 4188 alt
566 4134 667 4254 (ὶὶεὼ-
676 4134 853 4255 734ᾰ4οἑιίονυα
861 4136 996 4255 (ll-tlss'
1007 4138 1181 4257 aagendam
1187 4168 1223 4179 --
1231 4140 1289 4258 ml

93 4243 103 4261 '
146 4208 1277 4328 aia.ivam-'⁷⁰⁵⁰iiiiiii'lfflietsuotollii-¹iti.’,{ant²’ia”bo.¹³ss”‘⁰²

181 4385 241 4439 748.
251 4384 290 4438 Gl.
301 4383 367 4437 blot.
378 4386 425 4447 tt,
438 4388 463 4436 b.
